%YAML 1.1
%TAG !u! tag:unity3d.com,2011:
--- !u!1001 &100100000
Prefab:
  m_ObjectHideFlags: 1
  serializedVersion: 2
  m_Modification:
    m_TransformParent: {fileID: 0}
    m_Modifications: []
    m_RemovedComponents: []
  m_ParentPrefab: {fileID: 0}
  m_RootGameObject: {fileID: 1856329578831362}
  m_IsPrefabParent: 1
--- !u!1 &1007343796792522
GameObject:
  m_ObjectHideFlags: 1
  m_PrefabParentObject: {fileID: 0}
  m_PrefabInternal: {fileID: 100100000}
  serializedVersion: 5
  m_Component:
  - component: {fileID: 4010256654902078}
  m_Layer: 0
  m_Name: kaki_depan_1_L
  m_TagString: Untagged
  m_Icon: {fileID: 0}
  m_NavMeshLayer: 0
  m_StaticEditorFlags: 0
  m_IsActive: 1
--- !u!1 &1074050208783092
GameObject:
  m_ObjectHideFlags: 1
  m_PrefabParentObject: {fileID: 0}
  m_PrefabInternal: {fileID: 100100000}
  serializedVersion: 5
  m_Component:
  - component: {fileID: 4105721761560682}
  m_Layer: 0
  m_Name: Bone_005
  m_TagString: Untagged
  m_Icon: {fileID: 0}
  m_NavMeshLayer: 0
  m_StaticEditorFlags: 0
  m_IsActive: 1
--- !u!1 &1127418555029400
GameObject:
  m_ObjectHideFlags: 1
  m_PrefabParentObject: {fileID: 0}
  m_PrefabInternal: {fileID: 100100000}
  serializedVersion: 5
  m_Component:
  - component: {fileID: 4840536960693244}
  m_Layer: 0
  m_Name: Bone_007
  m_TagString: Untagged
  m_Icon: {fileID: 0}
  m_NavMeshLayer: 0
  m_StaticEditorFlags: 0
  m_IsActive: 1
--- !u!1 &1210753220175662
GameObject:
  m_ObjectHideFlags: 1
  m_PrefabParentObject: {fileID: 0}
  m_PrefabInternal: {fileID: 100100000}
  serializedVersion: 5
  m_Component:
  - component: {fileID: 4649278890335490}
  m_Layer: 0
  m_Name: kaki_belakang_3_l_001_R
  m_TagString: Untagged
  m_Icon: {fileID: 0}
  m_NavMeshLayer: 0
  m_StaticEditorFlags: 0
  m_IsActive: 1
--- !u!1 &1241008986666188
GameObject:
  m_ObjectHideFlags: 1
  m_PrefabParentObject: {fileID: 0}
  m_PrefabInternal: {fileID: 100100000}
  serializedVersion: 5
  m_Component:
  - component: {fileID: 4750678887415250}
  m_Layer: 0
  m_Name: kaki_belakang_1_L
  m_TagString: Untagged
  m_Icon: {fileID: 0}
  m_NavMeshLayer: 0
  m_StaticEditorFlags: 0
  m_IsActive: 1
--- !u!1 &1246976740008270
GameObject:
  m_ObjectHideFlags: 1
  m_PrefabParentObject: {fileID: 0}
  m_PrefabInternal: {fileID: 100100000}
  serializedVersion: 5
  m_Component:
  - component: {fileID: 4545156574148580}
  m_Layer: 0
  m_Name: kaki_belakang_1_l_001_R
  m_TagString: Untagged
  m_Icon: {fileID: 0}
  m_NavMeshLayer: 0
  m_StaticEditorFlags: 0
  m_IsActive: 1
--- !u!1 &1299486092928386
GameObject:
  m_ObjectHideFlags: 1
  m_PrefabParentObject: {fileID: 0}
  m_PrefabInternal: {fileID: 100100000}
  serializedVersion: 5
  m_Component:
  - component: {fileID: 4385075777587628}
  m_Layer: 0
  m_Name: kaki_belakang_4_l_001_R
  m_TagString: Untagged
  m_Icon: {fileID: 0}
  m_NavMeshLayer: 0
  m_StaticEditorFlags: 0
  m_IsActive: 1
--- !u!1 &1323593958699030
GameObject:
  m_ObjectHideFlags: 1
  m_PrefabParentObject: {fileID: 0}
  m_PrefabInternal: {fileID: 100100000}
  serializedVersion: 5
  m_Component:
  - component: {fileID: 4515575349944640}
  m_Layer: 0
  m_Name: Bone_001
  m_TagString: Untagged
  m_Icon: {fileID: 0}
  m_NavMeshLayer: 0
  m_StaticEditorFlags: 0
  m_IsActive: 1
--- !u!1 &1326817518536760
GameObject:
  m_ObjectHideFlags: 1
  m_PrefabParentObject: {fileID: 0}
  m_PrefabInternal: {fileID: 100100000}
  serializedVersion: 5
  m_Component:
  - component: {fileID: 4380625455466070}
  m_Layer: 0
  m_Name: Bone
  m_TagString: Untagged
  m_Icon: {fileID: 0}
  m_NavMeshLayer: 0
  m_StaticEditorFlags: 0
  m_IsActive: 1
--- !u!1 &1359154296950408
GameObject:
  m_ObjectHideFlags: 1
  m_PrefabParentObject: {fileID: 0}
  m_PrefabInternal: {fileID: 100100000}
  serializedVersion: 5
  m_Component:
  - component: {fileID: 4596162306834502}
  m_Layer: 0
  m_Name: kaki_belakang_2_L
  m_TagString: Untagged
  m_Icon: {fileID: 0}
  m_NavMeshLayer: 0
  m_StaticEditorFlags: 0
  m_IsActive: 1
--- !u!1 &1386487712096166
GameObject:
  m_ObjectHideFlags: 0
  m_PrefabParentObject: {fileID: 0}
  m_PrefabInternal: {fileID: 100100000}
  serializedVersion: 5
  m_Component:
  - component: {fileID: 4325951938291908}
  m_Layer: 0
  m_Name: tulang_komodo
  m_TagString: Untagged
  m_Icon: {fileID: 0}
  m_NavMeshLayer: 0
  m_StaticEditorFlags: 0
  m_IsActive: 1
--- !u!1 &1410181039204266
GameObject:
  m_ObjectHideFlags: 1
  m_PrefabParentObject: {fileID: 0}
  m_PrefabInternal: {fileID: 100100000}
  serializedVersion: 5
  m_Component:
  - component: {fileID: 4861661695020622}
  m_Layer: 0
  m_Name: kaki_depan_4_R
  m_TagString: Untagged
  m_Icon: {fileID: 0}
  m_NavMeshLayer: 0
  m_StaticEditorFlags: 0
  m_IsActive: 1
--- !u!1 &1411497387933292
GameObject:
  m_ObjectHideFlags: 1
  m_PrefabParentObject: {fileID: 0}
  m_PrefabInternal: {fileID: 100100000}
  serializedVersion: 5
  m_Component:
  - component: {fileID: 4646056405455794}
  m_Layer: 0
  m_Name: kaki_depan_4_L
  m_TagString: Untagged
  m_Icon: {fileID: 0}
  m_NavMeshLayer: 0
  m_StaticEditorFlags: 0
  m_IsActive: 1
--- !u!1 &1423523083455588
GameObject:
  m_ObjectHideFlags: 0
  m_PrefabParentObject: {fileID: 0}
  m_PrefabInternal: {fileID: 100100000}
  serializedVersion: 5
  m_Component:
  - component: {fileID: 4809705919742306}
  - component: {fileID: 135242013545131314}
  - component: {fileID: 114008072323305778}
  m_Layer: 0
  m_Name: Trigger
  m_TagString: Untagged
  m_Icon: {fileID: 0}
  m_NavMeshLayer: 0
  m_StaticEditorFlags: 0
  m_IsActive: 1
--- !u!1 &1453916512783388
GameObject:
  m_ObjectHideFlags: 1
  m_PrefabParentObject: {fileID: 0}
  m_PrefabInternal: {fileID: 100100000}
  serializedVersion: 5
  m_Component:
  - component: {fileID: 4597564176494644}
  m_Layer: 0
  m_Name: kaki_depan_2_R
  m_TagString: Untagged
  m_Icon: {fileID: 0}
  m_NavMeshLayer: 0
  m_StaticEditorFlags: 0
  m_IsActive: 1
--- !u!1 &1477580276101914
GameObject:
  m_ObjectHideFlags: 1
  m_PrefabParentObject: {fileID: 0}
  m_PrefabInternal: {fileID: 100100000}
  serializedVersion: 5
  m_Component:
  - component: {fileID: 4504869459464218}
  m_Layer: 0
  m_Name: kaki_depan_2_L
  m_TagString: Untagged
  m_Icon: {fileID: 0}
  m_NavMeshLayer: 0
  m_StaticEditorFlags: 0
  m_IsActive: 1
--- !u!1 &1479331574119766
GameObject:
  m_ObjectHideFlags: 0
  m_PrefabParentObject: {fileID: 0}
  m_PrefabInternal: {fileID: 100100000}
  serializedVersion: 5
  m_Component:
  - component: {fileID: 4205787612860800}
  - component: {fileID: 137149754427404900}
  m_Layer: 0
  m_Name: Cube
  m_TagString: Untagged
  m_Icon: {fileID: 0}
  m_NavMeshLayer: 0
  m_StaticEditorFlags: 0
  m_IsActive: 1
--- !u!1 &1534490330287608
GameObject:
  m_ObjectHideFlags: 1
  m_PrefabParentObject: {fileID: 0}
  m_PrefabInternal: {fileID: 100100000}
  serializedVersion: 5
  m_Component:
  - component: {fileID: 4741084167688192}
  m_Layer: 0
  m_Name: Bone_006
  m_TagString: Untagged
  m_Icon: {fileID: 0}
  m_NavMeshLayer: 0
  m_StaticEditorFlags: 0
  m_IsActive: 1
--- !u!1 &1554164259882314
GameObject:
  m_ObjectHideFlags: 1
  m_PrefabParentObject: {fileID: 0}
  m_PrefabInternal: {fileID: 100100000}
  serializedVersion: 5
  m_Component:
  - component: {fileID: 4599475905129194}
  m_Layer: 0
  m_Name: Bone_004
  m_TagString: Untagged
  m_Icon: {fileID: 0}
  m_NavMeshLayer: 0
  m_StaticEditorFlags: 0
  m_IsActive: 1
--- !u!1 &1583650766941592
GameObject:
  m_ObjectHideFlags: 1
  m_PrefabParentObject: {fileID: 0}
  m_PrefabInternal: {fileID: 100100000}
  serializedVersion: 5
  m_Component:
  - component: {fileID: 4172314686102902}
  m_Layer: 0
  m_Name: Bone_008
  m_TagString: Untagged
  m_Icon: {fileID: 0}
  m_NavMeshLayer: 0
  m_StaticEditorFlags: 0
  m_IsActive: 1
--- !u!1 &1637425774548302
GameObject:
  m_ObjectHideFlags: 1
  m_PrefabParentObject: {fileID: 0}
  m_PrefabInternal: {fileID: 100100000}
  serializedVersion: 5
  m_Component:
  - component: {fileID: 4152274684480686}
  m_Layer: 0
  m_Name: kaki_depan_3_R
  m_TagString: Untagged
  m_Icon: {fileID: 0}
  m_NavMeshLayer: 0
  m_StaticEditorFlags: 0
  m_IsActive: 1
--- !u!1 &1715804156386074
GameObject:
  m_ObjectHideFlags: 1
  m_PrefabParentObject: {fileID: 0}
  m_PrefabInternal: {fileID: 100100000}
  serializedVersion: 5
  m_Component:
  - component: {fileID: 4759269688620530}
  m_Layer: 0
  m_Name: Bone_002
  m_TagString: Untagged
  m_Icon: {fileID: 0}
  m_NavMeshLayer: 0
  m_StaticEditorFlags: 0
  m_IsActive: 1
--- !u!1 &1718127143913314
GameObject:
  m_ObjectHideFlags: 1
  m_PrefabParentObject: {fileID: 0}
  m_PrefabInternal: {fileID: 100100000}
  serializedVersion: 5
  m_Component:
  - component: {fileID: 4813012198022294}
  m_Layer: 0
  m_Name: Bone_010
  m_TagString: Untagged
  m_Icon: {fileID: 0}
  m_NavMeshLayer: 0
  m_StaticEditorFlags: 0
  m_IsActive: 1
--- !u!1 &1727049255568612
GameObject:
  m_ObjectHideFlags: 1
  m_PrefabParentObject: {fileID: 0}
  m_PrefabInternal: {fileID: 100100000}
  serializedVersion: 5
  m_Component:
  - component: {fileID: 4447806066313212}
  m_Layer: 0
  m_Name: Bone_009
  m_TagString: Untagged
  m_Icon: {fileID: 0}
  m_NavMeshLayer: 0
  m_StaticEditorFlags: 0
  m_IsActive: 1
--- !u!1 &1737658638379320
GameObject:
  m_ObjectHideFlags: 0
  m_PrefabParentObject: {fileID: 0}
  m_PrefabInternal: {fileID: 100100000}
  serializedVersion: 5
  m_Component:
  - component: {fileID: 4729540758275052}
  - component: {fileID: 135447740529628154}
  - component: {fileID: 114457797996077560}
  m_Layer: 0
  m_Name: TriggerSmall
  m_TagString: Untagged
  m_Icon: {fileID: 0}
  m_NavMeshLayer: 0
  m_StaticEditorFlags: 0
  m_IsActive: 1
--- !u!1 &1808242287187090
GameObject:
  m_ObjectHideFlags: 1
  m_PrefabParentObject: {fileID: 0}
  m_PrefabInternal: {fileID: 100100000}
  serializedVersion: 5
  m_Component:
  - component: {fileID: 4549932116558856}
  m_Layer: 0
  m_Name: kaki_depan_1_R
  m_TagString: Untagged
  m_Icon: {fileID: 0}
  m_NavMeshLayer: 0
  m_StaticEditorFlags: 0
  m_IsActive: 1
--- !u!1 &1818067724199830
GameObject:
  m_ObjectHideFlags: 1
  m_PrefabParentObject: {fileID: 0}
  m_PrefabInternal: {fileID: 100100000}
  serializedVersion: 5
  m_Component:
  - component: {fileID: 4764810415148476}
  m_Layer: 0
  m_Name: Bone_011
  m_TagString: Untagged
  m_Icon: {fileID: 0}
  m_NavMeshLayer: 0
  m_StaticEditorFlags: 0
  m_IsActive: 1
--- !u!1 &1856122014615002
GameObject:
  m_ObjectHideFlags: 1
  m_PrefabParentObject: {fileID: 0}
  m_PrefabInternal: {fileID: 100100000}
  serializedVersion: 5
  m_Component:
  - component: {fileID: 4040727831790166}
  m_Layer: 0
  m_Name: kaki_belakang_2_l_001_R
  m_TagString: Untagged
  m_Icon: {fileID: 0}
  m_NavMeshLayer: 0
  m_StaticEditorFlags: 0
  m_IsActive: 1
--- !u!1 &1856329578831362
GameObject:
  m_ObjectHideFlags: 0
  m_PrefabParentObject: {fileID: 0}
  m_PrefabInternal: {fileID: 100100000}
  serializedVersion: 5
  m_Component:
  - component: {fileID: 4096481824014506}
  - component: {fileID: 95218893419169636}
  - component: {fileID: 195095138187669938}
  - component: {fileID: 136223957498881864}
  - component: {fileID: 114023395855057486}
  m_Layer: 0
  m_Name: komodo biasa
  m_TagString: Untagged
  m_Icon: {fileID: 0}
  m_NavMeshLayer: 0
  m_StaticEditorFlags: 0
  m_IsActive: 1
--- !u!1 &1957600295381438
GameObject:
  m_ObjectHideFlags: 1
  m_PrefabParentObject: {fileID: 0}
  m_PrefabInternal: {fileID: 100100000}
  serializedVersion: 5
  m_Component:
  - component: {fileID: 4579395651987238}
  m_Layer: 0
  m_Name: Bone_003
  m_TagString: Untagged
  m_Icon: {fileID: 0}
  m_NavMeshLayer: 0
  m_StaticEditorFlags: 0
  m_IsActive: 1
--- !u!1 &1959408627608802
GameObject:
  m_ObjectHideFlags: 1
  m_PrefabParentObject: {fileID: 0}
  m_PrefabInternal: {fileID: 100100000}
  serializedVersion: 5
  m_Component:
  - component: {fileID: 4910249672422322}
  m_Layer: 0
  m_Name: kaki_depan_3_L
  m_TagString: Untagged
  m_Icon: {fileID: 0}
  m_NavMeshLayer: 0
  m_StaticEditorFlags: 0
  m_IsActive: 1
--- !u!1 &1973452441293806
GameObject:
  m_ObjectHideFlags: 1
  m_PrefabParentObject: {fileID: 0}
  m_PrefabInternal: {fileID: 100100000}
  serializedVersion: 5
  m_Component:
  - component: {fileID: 4185697837219990}
  m_Layer: 0
  m_Name: kaki_belakang_4_L
  m_TagString: Untagged
  m_Icon: {fileID: 0}
  m_NavMeshLayer: 0
  m_StaticEditorFlags: 0
  m_IsActive: 1
--- !u!1 &1986461330872374
GameObject:
  m_ObjectHideFlags: 1
  m_PrefabParentObject: {fileID: 0}
  m_PrefabInternal: {fileID: 100100000}
  serializedVersion: 5
  m_Component:
  - component: {fileID: 4960752720344058}
  m_Layer: 0
  m_Name: kaki_belakang_3_L
  m_TagString: Untagged
  m_Icon: {fileID: 0}
  m_NavMeshLayer: 0
  m_StaticEditorFlags: 0
  m_IsActive: 1
--- !u!4 &4010256654902078
Transform:
  m_ObjectHideFlags: 1
  m_PrefabParentObject: {fileID: 0}
  m_PrefabInternal: {fileID: 100100000}
  m_GameObject: {fileID: 1007343796792522}
  m_LocalRotation: {x: 0.40173766, y: -0.6808797, z: -0.33579946, w: 0.51210195}
  m_LocalPosition: {x: -1.0871736, y: 0.006280764, z: -0.008421414}
  m_LocalScale: {x: 0.99999976, y: 0.99999976, z: 1}
  m_Children:
  - {fileID: 4504869459464218}
  m_Father: {fileID: 4813012198022294}
  m_RootOrder: 1
  m_LocalEulerAnglesHint: {x: -2.626026, y: -104.49191, z: -63.117256}
--- !u!4 &4040727831790166
Transform:
  m_ObjectHideFlags: 1
  m_PrefabParentObject: {fileID: 0}
  m_PrefabInternal: {fileID: 100100000}
  m_GameObject: {fileID: 1856122014615002}
  m_LocalRotation: {x: 0.0021348393, y: -0.09583808, z: -0.0076782918, w: 0.9953651}
  m_LocalPosition: {x: -0.3533069, y: 0.00000007147901, z: -0.000000035390258}
  m_LocalScale: {x: 1, y: 1, z: 1}
  m_Children:
  - {fileID: 4649278890335490}
  m_Father: {fileID: 4545156574148580}
  m_RootOrder: 0
  m_LocalEulerAnglesHint: {x: 0.31072554, y: -11.278898, z: -1.8229364}
--- !u!4 &4096481824014506
Transform:
  m_ObjectHideFlags: 1
  m_PrefabParentObject: {fileID: 0}
  m_PrefabInternal: {fileID: 100100000}
  m_GameObject: {fileID: 1856329578831362}
  m_LocalRotation: {x: 0, y: 0, z: 0, w: 1}
  m_LocalPosition: {x: 402.01306, y: 0.85928345, z: -219.10667}
  m_LocalScale: {x: 0.33333334, y: 0.33333334, z: 0.33333334}
  m_Children:
  - {fileID: 4809705919742306}
  - {fileID: 4729540758275052}
  - {fileID: 4205787612860800}
  - {fileID: 4325951938291908}
  m_Father: {fileID: 0}
  m_RootOrder: 0
  m_LocalEulerAnglesHint: {x: 0, y: 0, z: 0}
--- !u!4 &4105721761560682
Transform:
  m_ObjectHideFlags: 1
  m_PrefabParentObject: {fileID: 0}
  m_PrefabInternal: {fileID: 100100000}
  m_GameObject: {fileID: 1074050208783092}
  m_LocalRotation: {x: -0.0033818414, y: -0.01766776, z: -0.015285115, w: 0.99972135}
  m_LocalPosition: {x: -0.54119813, y: 0.000000055879354, z: -0.00000009313226}
  m_LocalScale: {x: 0.96180356, y: 0.9618037, z: 0.9618036}
  m_Children: []
  m_Father: {fileID: 4579395651987238}
  m_RootOrder: 1
  m_LocalEulerAnglesHint: {x: -0.4280723, y: -2.0182638, z: -1.7850047}
--- !u!4 &4152274684480686
Transform:
  m_ObjectHideFlags: 1
  m_PrefabParentObject: {fileID: 0}
  m_PrefabInternal: {fileID: 100100000}
  m_GameObject: {fileID: 1637425774548302}
  m_LocalRotation: {x: 0.2197926, y: 0.31292132, z: -0.35443446, w: 0.8533157}
  m_LocalPosition: {x: -0.4266209, y: 0.00000008940697, z: 0.00000035762787}
  m_LocalScale: {x: 0.99999994, y: 0.9999998, z: 0.99999994}
  m_Children:
  - {fileID: 4861661695020622}
  m_Father: {fileID: 4597564176494644}
  m_RootOrder: 0
  m_LocalEulerAnglesHint: {x: 25.686956, y: 40.870907, z: -37.51599}
--- !u!4 &4172314686102902
Transform:
  m_ObjectHideFlags: 1
  m_PrefabParentObject: {fileID: 0}
  m_PrefabInternal: {fileID: 100100000}
  m_GameObject: {fileID: 1583650766941592}
  m_LocalRotation: {x: 0.064288035, y: -0.0038628306, z: 0.18397865, w: 0.98081803}
  m_LocalPosition: {x: -0.5989191, y: 0.00000005029142, z: 0.000000022904715}
  m_LocalScale: {x: 0.9999999, y: 1, z: 0.99999994}
  m_Children:
  - {fileID: 4447806066313212}
  m_Father: {fileID: 4840536960693244}
  m_RootOrder: 0
  m_LocalEulerAnglesHint: {x: 0.39662507, y: -0.5409665, z: -0.07854687}
--- !u!4 &4185697837219990
Transform:
  m_ObjectHideFlags: 1
  m_PrefabParentObject: {fileID: 0}
  m_PrefabInternal: {fileID: 100100000}
  m_GameObject: {fileID: 1973452441293806}
  m_LocalRotation: {x: 0.17682941, y: 0.48518062, z: -0.21194895, w: 0.82970405}
  m_LocalPosition: {x: -0.68161476, y: 0.000000018277206, z: -0.000000009546056}
  m_LocalScale: {x: 1, y: 0.9999999, z: 0.9999999}
  m_Children: []
  m_Father: {fileID: 4960752720344058}
  m_RootOrder: 0
  m_LocalEulerAnglesHint: {x: 22.737886, y: 90.86681, z: -5.0491805}
--- !u!4 &4205787612860800
Transform:
  m_ObjectHideFlags: 1
  m_PrefabParentObject: {fileID: 0}
  m_PrefabInternal: {fileID: 100100000}
  m_GameObject: {fileID: 1479331574119766}
  m_LocalRotation: {x: 0, y: -0, z: -0, w: 1}
  m_LocalPosition: {x: -0.00068315957, y: 0.28148833, z: 0.72021043}
  m_LocalScale: {x: 0.9260848, y: 0.9260849, z: 0.9260849}
  m_Children: []
  m_Father: {fileID: 4096481824014506}
  m_RootOrder: 2
  m_LocalEulerAnglesHint: {x: 0, y: 0, z: 0}
--- !u!4 &4325951938291908
Transform:
  m_ObjectHideFlags: 1
  m_PrefabParentObject: {fileID: 0}
  m_PrefabInternal: {fileID: 100100000}
  m_GameObject: {fileID: 1386487712096166}
  m_LocalRotation: {x: -0.7018788, y: 0, z: -0, w: 0.7122965}
  m_LocalPosition: {x: -0, y: 0.101764314, z: -0.00000000444826}
  m_LocalScale: {x: 1, y: 0.99999994, z: 0.99999994}
  m_Children:
  - {fileID: 4380625455466070}
  m_Father: {fileID: 4096481824014506}
  m_RootOrder: 3
  m_LocalEulerAnglesHint: {x: -89.15627, y: 0, z: 0}
--- !u!4 &4380625455466070
Transform:
  m_ObjectHideFlags: 1
  m_PrefabParentObject: {fileID: 0}
  m_PrefabInternal: {fileID: 100100000}
  m_GameObject: {fileID: 1326817518536760}
  m_LocalRotation: {x: 0.5692248, y: 0.5376187, z: -0.43587685, w: 0.4438025}
  m_LocalPosition: {x: 0.013362665, y: 0.41220653, z: 0.5893962}
  m_LocalScale: {x: 1, y: 1, z: 1.0000001}
  m_Children:
  - {fileID: 4515575349944640}
  - {fileID: 4741084167688192}
  - {fileID: 4750678887415250}
  - {fileID: 4545156574148580}
  m_Father: {fileID: 4325951938291908}
  m_RootOrder: 0
  m_LocalEulerAnglesHint: {x: 76.88531, y: -175.1888, z: 97.091255}
--- !u!4 &4385075777587628
Transform:
  m_ObjectHideFlags: 1
  m_PrefabParentObject: {fileID: 0}
  m_PrefabInternal: {fileID: 100100000}
  m_GameObject: {fileID: 1299486092928386}
  m_LocalRotation: {x: -0.12262547, y: 0.6736286, z: 0.15525724, w: 0.7120974}
  m_LocalPosition: {x: -0.68161464, y: -0.000000007101335, z: 0.00000001641456}
  m_LocalScale: {x: 0.9999999, y: 0.99999994, z: 1}
  m_Children: []
  m_Father: {fileID: 4649278890335490}
  m_RootOrder: 0
  m_LocalEulerAnglesHint: {x: -22.888348, y: 87.06367, z: 3.8903844}
--- !u!4 &4447806066313212
Transform:
  m_ObjectHideFlags: 1
  m_PrefabParentObject: {fileID: 0}
  m_PrefabInternal: {fileID: 100100000}
  m_GameObject: {fileID: 1727049255568612}
  m_LocalRotation: {x: 0.023086865, y: 0.10662269, z: 0.12432554, w: 0.986226}
  m_LocalPosition: {x: -1.4108369, y: 0.00000009685755, z: 0.000000026077032}
  m_LocalScale: {x: 0.99999994, y: 0.9999999, z: 1}
  m_Children:
  - {fileID: 4764810415148476}
  m_Father: {fileID: 4172314686102902}
  m_RootOrder: 0
  m_LocalEulerAnglesHint: {x: -0.5251532, y: 12.127155, z: 0.069897786}
--- !u!4 &4504869459464218
Transform:
  m_ObjectHideFlags: 1
  m_PrefabParentObject: {fileID: 0}
  m_PrefabInternal: {fileID: 100100000}
  m_GameObject: {fileID: 1477580276101914}
  m_LocalRotation: {x: 0.005899013, y: -0.07234172, z: 0.026143858, w: 0.99701977}
  m_LocalPosition: {x: -0.46279335, y: 0.000000022351742, z: -0.000000044703484}
  m_LocalScale: {x: 0.99999994, y: 1, z: 0.99999994}
  m_Children:
  - {fileID: 4910249672422322}
  m_Father: {fileID: 4010256654902078}
  m_RootOrder: 0
  m_LocalEulerAnglesHint: {x: 0.8169112, y: -8.450928, z: 4.046541}
--- !u!4 &4515575349944640
Transform:
  m_ObjectHideFlags: 1
  m_PrefabParentObject: {fileID: 0}
  m_PrefabInternal: {fileID: 100100000}
  m_GameObject: {fileID: 1323593958699030}
  m_LocalRotation: {x: 0.7388985, y: -0.021920832, z: -0.67342263, w: -0.0071007623}
  m_LocalPosition: {x: -0.3185, y: 0.00000002514571, z: 0.000000029802322}
  m_LocalScale: {x: 1.0000005, y: 1.0000001, z: 1.0000001}
  m_Children:
  - {fileID: 4813012198022294}
  m_Father: {fileID: 4380625455466070}
  m_RootOrder: 0
  m_LocalEulerAnglesHint: {x: -2.2934432, y: -95.33492, z: -178.69072}
--- !u!4 &4545156574148580
Transform:
  m_ObjectHideFlags: 1
  m_PrefabParentObject: {fileID: 0}
  m_PrefabInternal: {fileID: 100100000}
  m_GameObject: {fileID: 1246976740008270}
  m_LocalRotation: {x: 0.12910913, y: -0.0389419, z: -0.7875021, w: 0.6013774}
  m_LocalPosition: {x: -0.22060043, y: 0.14932476, z: 0.007198152}
  m_LocalScale: {x: 1, y: 1, z: 1}
  m_Children:
  - {fileID: 4040727831790166}
  m_Father: {fileID: 4380625455466070}
  m_RootOrder: 3
  m_LocalEulerAnglesHint: {x: 5.3910575, y: -14.554247, z: -105.95446}
--- !u!4 &4549932116558856
Transform:
  m_ObjectHideFlags: 1
  m_PrefabParentObject: {fileID: 0}
  m_PrefabInternal: {fileID: 100100000}
  m_GameObject: {fileID: 1808242287187090}
  m_LocalRotation: {x: -0.4017393, y: -0.6808787, z: 0.33580154, w: 0.51210064}
  m_LocalPosition: {x: -1.4597126, y: -0.012970688, z: -0.089764945}
  m_LocalScale: {x: 0.9999999, y: 0.99999976, z: 1}
  m_Children:
  - {fileID: 4597564176494644}
  m_Father: {fileID: 4813012198022294}
  m_RootOrder: 2
  m_LocalEulerAnglesHint: {x: 2.626113, y: -104.491905, z: 63.117603}
--- !u!4 &4579395651987238
Transform:
  m_ObjectHideFlags: 1
  m_PrefabParentObject: {fileID: 0}
  m_PrefabInternal: {fileID: 100100000}
  m_GameObject: {fileID: 1957600295381438}
  m_LocalRotation: {x: 0.005453408, y: -0.110881396, z: 0.053431448, w: 0.99238133}
  m_LocalPosition: {x: -0.7118578, y: 0.00000003678724, z: -0.00000018649735}
  m_LocalScale: {x: 0.99999994, y: 1.0000001, z: 1}
  m_Children:
  - {fileID: 4599475905129194}
  - {fileID: 4105721761560682}
  m_Father: {fileID: 4759269688620530}
  m_RootOrder: 0
  m_LocalEulerAnglesHint: {x: -0.6775796, y: -12.714213, z: 0.016325384}
--- !u!4 &4596162306834502
Transform:
  m_ObjectHideFlags: 1
  m_PrefabParentObject: {fileID: 0}
  m_PrefabInternal: {fileID: 100100000}
  m_GameObject: {fileID: 1359154296950408}
  m_LocalRotation: {x: -0.039636794, y: 0.12779142, z: 0.011763484, w: 0.99093896}
  m_LocalPosition: {x: -0.3205102, y: 0.000000043190084, z: 0.000000018626451}
  m_LocalScale: {x: 0.99999994, y: 0.99999994, z: 0.99999994}
  m_Children:
  - {fileID: 4960752720344058}
  m_Father: {fileID: 4750678887415250}
  m_RootOrder: 0
  m_LocalEulerAnglesHint: {x: -0.6045418, y: -12.017226, z: 0.39753446}
--- !u!4 &4597564176494644
Transform:
  m_ObjectHideFlags: 1
  m_PrefabParentObject: {fileID: 0}
  m_PrefabInternal: {fileID: 100100000}
  m_GameObject: {fileID: 1453916512783388}
  m_LocalRotation: {x: -0.12792104, y: 0.15433662, z: -0.015105692, w: 0.97958577}
  m_LocalPosition: {x: -0.4627933, y: 0.00000013411045, z: -0.000000063329935}
  m_LocalScale: {x: 1, y: 0.99999994, z: 0.9999999}
  m_Children:
  - {fileID: 4152274684480686}
  m_Father: {fileID: 4549932116558856}
  m_RootOrder: 0
  m_LocalEulerAnglesHint: {x: -0.81691474, y: -8.450929, z: -4.0465446}
--- !u!4 &4599475905129194
Transform:
  m_ObjectHideFlags: 1
  m_PrefabParentObject: {fileID: 0}
  m_PrefabInternal: {fileID: 100100000}
  m_GameObject: {fileID: 1554164259882314}
  m_LocalRotation: {x: -0.00000080410763, y: 0.06113982, z: -0.0000002964466, w: 0.9981292}
  m_LocalPosition: {x: -0.54119813, y: 0.000000055879354, z: -0.00000009313226}
  m_LocalScale: {x: 1, y: 1, z: 1}
  m_Children: []
  m_Father: {fileID: 4579395651987238}
  m_RootOrder: 0
  m_LocalEulerAnglesHint: {x: -0.00009199775, y: 7.0104775, z: -0.00003510045}
--- !u!4 &4646056405455794
Transform:
  m_ObjectHideFlags: 1
  m_PrefabParentObject: {fileID: 0}
  m_PrefabInternal: {fileID: 100100000}
  m_GameObject: {fileID: 1411497387933292}
  m_LocalRotation: {x: 0.33988658, y: 0.33694074, z: -0.18192415, w: 0.8589829}
  m_LocalPosition: {x: -0.764304, y: -0.000000055879354, z: 0.000000039115548}
  m_LocalScale: {x: 1, y: 1, z: 1.0000001}
  m_Children: []
  m_Father: {fileID: 4910249672422322}
  m_RootOrder: 0
  m_LocalEulerAnglesHint: {x: 45.021816, y: 40.7065, z: -7.084472}
--- !u!4 &4649278890335490
Transform:
  m_ObjectHideFlags: 1
  m_PrefabParentObject: {fileID: 0}
  m_PrefabInternal: {fileID: 100100000}
  m_GameObject: {fileID: 1210753220175662}
  m_LocalRotation: {x: -0.045797434, y: -0.018374806, z: -0.50471884, w: 0.8618723}
  m_LocalPosition: {x: -0.33538505, y: 0.000000067055225, z: -0.000000034458935}
  m_LocalScale: {x: 1, y: 0.99999994, z: 1}
  m_Children:
  - {fileID: 4385075777587628}
  m_Father: {fileID: 4040727831790166}
  m_RootOrder: 0
  m_LocalEulerAnglesHint: {x: -6.053782, y: 0.6480383, z: -60.003536}
--- !u!4 &4729540758275052
Transform:
  m_ObjectHideFlags: 1
  m_PrefabParentObject: {fileID: 0}
  m_PrefabInternal: {fileID: 100100000}
  m_GameObject: {fileID: 1737658638379320}
  m_LocalRotation: {x: 0, y: 0, z: 0, w: 1}
  m_LocalPosition: {x: 0, y: 0, z: 0}
  m_LocalScale: {x: 1, y: 1, z: 1}
  m_Children: []
  m_Father: {fileID: 4096481824014506}
  m_RootOrder: 1
  m_LocalEulerAnglesHint: {x: 0, y: 0, z: 0}
--- !u!4 &4741084167688192
Transform:
  m_ObjectHideFlags: 1
  m_PrefabParentObject: {fileID: 0}
  m_PrefabInternal: {fileID: 100100000}
  m_GameObject: {fileID: 1534490330287608}
  m_LocalRotation: {x: -0.023246886, y: -0.813213, z: 0.004417946, w: 0.581485}
  m_LocalPosition: {x: -0.3185, y: 0.00000002514571, z: 0.000000029802322}
  m_LocalScale: {x: 1, y: 1, z: 0.99999994}
  m_Children:
  - {fileID: 4840536960693244}
  m_Father: {fileID: 4380625455466070}
  m_RootOrder: 1
  m_LocalEulerAnglesHint: {x: -1.1373929, y: -108.89139, z: 2.461941}
--- !u!4 &4750678887415250
Transform:
  m_ObjectHideFlags: 1
  m_PrefabParentObject: {fileID: 0}
  m_PrefabInternal: {fileID: 100100000}
  m_GameObject: {fileID: 1241008986666188}
  m_LocalRotation: {x: -0.14725716, y: -0.01256128, z: 0.76918685, w: 0.6216986}
  m_LocalPosition: {x: -0.28010386, y: -0.1509344, z: 0.20217568}
  m_LocalScale: {x: 1.0000001, y: 1.0000001, z: 1}
  m_Children:
  - {fileID: 4596162306834502}
  m_Father: {fileID: 4380625455466070}
  m_RootOrder: 2
  m_LocalEulerAnglesHint: {x: -9.426089, y: -14.20959, z: 103.28345}
--- !u!4 &4759269688620530
Transform:
  m_ObjectHideFlags: 1
  m_PrefabParentObject: {fileID: 0}
  m_PrefabInternal: {fileID: 100100000}
  m_GameObject: {fileID: 1715804156386074}
  m_LocalRotation: {x: 0.0000003429099, y: -0.15380757, z: 0.0000005188659, w: 0.9881008}
  m_LocalPosition: {x: -1.1325625, y: 0.0008975043, z: 0.0022160488}
  m_LocalScale: {x: 1.0000001, y: 1, z: 0.99999994}
  m_Children:
  - {fileID: 4579395651987238}
  m_Father: {fileID: 4813012198022294}
  m_RootOrder: 0
  m_LocalEulerAnglesHint: {x: 0.000047241974, y: -17.695293, z: 0.000050680697}
--- !u!4 &4764810415148476
Transform:
  m_ObjectHideFlags: 1
  m_PrefabParentObject: {fileID: 0}
  m_PrefabInternal: {fileID: 100100000}
  m_GameObject: {fileID: 1818067724199830}
  m_LocalRotation: {x: 0.06608652, y: 0.051463097, z: 0.16183071, w: 0.98325735}
  m_LocalPosition: {x: -0.9367938, y: 0.000000017083948, z: 0}
  m_LocalScale: {x: 1.0000001, y: 1.0000001, z: 0.9999999}
  m_Children: []
  m_Father: {fileID: 4447806066313212}
  m_RootOrder: 0
  m_LocalEulerAnglesHint: {x: -0.53593254, y: 6.1188498, z: -0.39521146}
--- !u!4 &4809705919742306
Transform:
  m_ObjectHideFlags: 1
  m_PrefabParentObject: {fileID: 0}
  m_PrefabInternal: {fileID: 100100000}
  m_GameObject: {fileID: 1423523083455588}
  m_LocalRotation: {x: 0, y: 0, z: 0, w: 1}
  m_LocalPosition: {x: 0, y: 0, z: 0}
  m_LocalScale: {x: 1, y: 1, z: 1}
  m_Children: []
  m_Father: {fileID: 4096481824014506}
  m_RootOrder: 0
  m_LocalEulerAnglesHint: {x: 0, y: 0, z: 0}
--- !u!4 &4813012198022294
Transform:
  m_ObjectHideFlags: 1
  m_PrefabParentObject: {fileID: 0}
  m_PrefabInternal: {fileID: 100100000}
  m_GameObject: {fileID: 1718127143913314}
  m_LocalRotation: {x: 0.0019777853, y: 0.18104093, z: -0.060663503, w: 0.9816008}
  m_LocalPosition: {x: -1.1578418, y: 0.00000008741454, z: 0.00000002235173}
  m_LocalScale: {x: 1, y: 1, z: 0.99999994}
  m_Children:
  - {fileID: 4759269688620530}
  - {fileID: 4010256654902078}
  - {fileID: 4549932116558856}
  m_Father: {fileID: 4515575349944640}
  m_RootOrder: 0
  m_LocalEulerAnglesHint: {x: 0.000017162969, y: 20.899778, z: -0.00005967674}
--- !u!4 &4840536960693244
Transform:
  m_ObjectHideFlags: 1
  m_PrefabParentObject: {fileID: 0}
  m_PrefabInternal: {fileID: 100100000}
  m_GameObject: {fileID: 1127418555029400}
  m_LocalRotation: {x: -0.0073582437, y: -0.11221921, z: -0.034838457, w: 0.99304533}
  m_LocalPosition: {x: -0.35288286, y: 0.000000026542693, z: 0.00000005534457}
  m_LocalScale: {x: 0.99999994, y: 1, z: 0.9999999}
  m_Children:
  - {fileID: 4172314686102902}
  m_Father: {fileID: 4741084167688192}
  m_RootOrder: 0
  m_LocalEulerAnglesHint: {x: -0.19418427, y: -12.848964, z: -0.48655614}
--- !u!4 &4861661695020622
Transform:
  m_ObjectHideFlags: 1
  m_PrefabParentObject: {fileID: 0}
  m_PrefabInternal: {fileID: 100100000}
  m_GameObject: {fileID: 1410181039204266}
  m_LocalRotation: {x: -0.37772703, y: 0.32871312, z: 0.19711484, w: 0.84286165}
  m_LocalPosition: {x: -0.7643039, y: -0.000000019557774, z: 0.00000021257438}
  m_LocalScale: {x: 1.0000001, y: 1, z: 1}
  m_Children: []
  m_Father: {fileID: 4152274684480686}
  m_RootOrder: 0
  m_LocalEulerAnglesHint: {x: -45.021816, y: 40.706493, z: 7.0844674}
--- !u!4 &4910249672422322
Transform:
  m_ObjectHideFlags: 1
  m_PrefabParentObject: {fileID: 0}
  m_PrefabInternal: {fileID: 100100000}
  m_GameObject: {fileID: 1959408627608802}
  m_LocalRotation: {x: -0.093499415, y: 0.38804844, z: 0.3754071, w: 0.8365081}
  m_LocalPosition: {x: -0.42662096, y: 0.000000029802322, z: 0.00000013411045}
  m_LocalScale: {x: 0.9999999, y: 0.9999999, z: 1}
  m_Children:
  - {fileID: 4646056405455794}
  m_Father: {fileID: 4504869459464218}
  m_RootOrder: 0
  m_LocalEulerAnglesHint: {x: -25.686953, y: 40.870907, z: 37.515995}
--- !u!4 &4960752720344058
Transform:
  m_ObjectHideFlags: 1
  m_PrefabParentObject: {fileID: 0}
  m_PrefabInternal: {fileID: 100100000}
  m_GameObject: {fileID: 1986461330872374}
  m_LocalRotation: {x: -0.04658828, y: 0.06565765, z: 0.52320373, w: 0.8483964}
  m_LocalPosition: {x: -0.33538508, y: -0.000000023923349, z: 0.000000014901161}
  m_LocalScale: {x: 1, y: 1, z: 1}
  m_Children:
  - {fileID: 4185697837219990}
  m_Father: {fileID: 4596162306834502}
  m_RootOrder: 0
  m_LocalEulerAnglesHint: {x: 6.053782, y: 0.6480295, z: 60.003536}
--- !u!95 &95218893419169636
Animator:
  serializedVersion: 3
  m_ObjectHideFlags: 1
  m_PrefabParentObject: {fileID: 0}
  m_PrefabInternal: {fileID: 100100000}
  m_GameObject: {fileID: 1856329578831362}
  m_Enabled: 1
  m_Avatar: {fileID: 9000000, guid: 12ab4bd663271c44ba5f7ee60de2a454, type: 3}
  m_Controller: {fileID: 9100000, guid: 91ae2578b2bc501418d753833935f866, type: 2}
  m_CullingMode: 1
  m_UpdateMode: 0
  m_ApplyRootMotion: 0
  m_LinearVelocityBlending: 0
  m_WarningMessage: 
  m_HasTransformHierarchy: 1
  m_AllowConstantClipSamplingOptimization: 1
--- !u!114 &114008072323305778
MonoBehaviour:
  m_ObjectHideFlags: 1
  m_PrefabParentObject: {fileID: 0}
  m_PrefabInternal: {fileID: 100100000}
  m_GameObject: {fileID: 1423523083455588}
  m_Enabled: 1
  m_EditorHideFlags: 0
  m_Script: {fileID: 11500000, guid: 30eb767b622083a4b84b993924f854e0, type: 3}
  m_Name: 
  m_EditorClassIdentifier: 
  speedMin: 2.1
  jarakMin: 2
  jarak: 0
--- !u!114 &114023395855057486
MonoBehaviour:
  m_ObjectHideFlags: 1
  m_PrefabParentObject: {fileID: 0}
  m_PrefabInternal: {fileID: 100100000}
  m_GameObject: {fileID: 1856329578831362}
  m_Enabled: 1
  m_EditorHideFlags: 0
  m_Script: {fileID: 11500000, guid: 073700540dcd2c645b5330cfbadfaff1, type: 3}
  m_Name: 
  m_EditorClassIdentifier: 
  evadeMode: 0
  speed: 1
  state: 0
  jarakMin: 0.75
  chaseSpeed: 1
  target: {fileID: 0}
  x: 0
  target_Kaget: {fileID: 0}
--- !u!114 &114457797996077560
MonoBehaviour:
  m_ObjectHideFlags: 1
  m_PrefabParentObject: {fileID: 0}
  m_PrefabInternal: {fileID: 100100000}
  m_GameObject: {fileID: 1737658638379320}
  m_Enabled: 1
  m_EditorHideFlags: 0
  m_Script: {fileID: 11500000, guid: a476eeb995fcfa94bbd52f7574bc8585, type: 3}
  m_Name: 
  m_EditorClassIdentifier: 
--- !u!135 &135242013545131314
SphereCollider:
  m_ObjectHideFlags: 1
  m_PrefabParentObject: {fileID: 0}
  m_PrefabInternal: {fileID: 100100000}
  m_GameObject: {fileID: 1423523083455588}
  m_Material: {fileID: 0}
  m_IsTrigger: 1
  m_Enabled: 1
  serializedVersion: 2
  m_Radius: 25
  m_Center: {x: 0, y: 0, z: 0}
--- !u!135 &135447740529628154
SphereCollider:
  m_ObjectHideFlags: 1
  m_PrefabParentObject: {fileID: 0}
  m_PrefabInternal: {fileID: 100100000}
  m_GameObject: {fileID: 1737658638379320}
  m_Material: {fileID: 0}
  m_IsTrigger: 1
  m_Enabled: 1
  serializedVersion: 2
  m_Radius: 10
  m_Center: {x: 0, y: 0, z: 0}
--- !u!136 &136223957498881864
CapsuleCollider:
  m_ObjectHideFlags: 1
  m_PrefabParentObject: {fileID: 0}
  m_PrefabInternal: {fileID: 100100000}
  m_GameObject: {fileID: 1856329578831362}
  m_Material: {fileID: 0}
  m_IsTrigger: 1
  m_Enabled: 1
  m_Radius: 1.22
  m_Height: 6.78
  m_Direction: 2
  m_Center: {x: 0, y: 0.6, z: 0}
--- !u!137 &137149754427404900
SkinnedMeshRenderer:
  m_ObjectHideFlags: 1
  m_PrefabParentObject: {fileID: 0}
  m_PrefabInternal: {fileID: 100100000}
  m_GameObject: {fileID: 1479331574119766}
  m_Enabled: 1
  m_CastShadows: 1
  m_ReceiveShadows: 1
  m_DynamicOccludee: 1
  m_MotionVectors: 1
  m_LightProbeUsage: 1
  m_ReflectionProbeUsage: 1
  m_Materials:
  - {fileID: 2100000, guid: a65411729b0007042a883fc35f3d1fc4, type: 2}
  m_StaticBatchInfo:
    firstSubMesh: 0
    subMeshCount: 0
  m_StaticBatchRoot: {fileID: 0}
  m_ProbeAnchor: {fileID: 0}
  m_LightProbeVolumeOverride: {fileID: 0}
  m_ScaleInLightmap: 1
  m_PreserveUVs: 0
  m_IgnoreNormalsForChartDetection: 0
  m_ImportantGI: 0
  m_StitchLightmapSeams: 0
  m_SelectedEditorRenderState: 3
  m_MinimumChartSize: 4
  m_AutoUVMaxDistance: 0.5
  m_AutoUVMaxAngle: 89
  m_LightmapParameters: {fileID: 0}
  m_SortingLayerID: 0
  m_SortingLayer: 0
  m_SortingOrder: 0
  serializedVersion: 2
  m_Quality: 0
  m_UpdateWhenOffscreen: 0
  m_SkinnedMotionVectors: 1
  m_Mesh: {fileID: 4300000, guid: 12ab4bd663271c44ba5f7ee60de2a454, type: 3}
  m_Bones:
  - {fileID: 4380625455466070}
  - {fileID: 4515575349944640}
  - {fileID: 4813012198022294}
  - {fileID: 4759269688620530}
  - {fileID: 4579395651987238}
  - {fileID: 4599475905129194}
  - {fileID: 4105721761560682}
  - {fileID: 4010256654902078}
  - {fileID: 4504869459464218}
  - {fileID: 4910249672422322}
  - {fileID: 4646056405455794}
  - {fileID: 4549932116558856}
  - {fileID: 4597564176494644}
  - {fileID: 4152274684480686}
  - {fileID: 4861661695020622}
  - {fileID: 4750678887415250}
  - {fileID: 4596162306834502}
  - {fileID: 4960752720344058}
  - {fileID: 4185697837219990}
  - {fileID: 4545156574148580}
  - {fileID: 4040727831790166}
  - {fileID: 4649278890335490}
  - {fileID: 4385075777587628}
  - {fileID: 4741084167688192}
  - {fileID: 4840536960693244}
  - {fileID: 4172314686102902}
  - {fileID: 4447806066313212}
  - {fileID: 4764810415148476}
  m_BlendShapeWeights: []
  m_RootBone: {fileID: 4380625455466070}
  m_AABB:
    m_Center: {x: -0.0632413, y: -0.31953192, z: 0.34375095}
    m_Extent: {x: 1.623642, y: 1.7742095, z: 3.8718967}
  m_DirtyAABB: 0
--- !u!195 &195095138187669938
NavMeshAgent:
  m_ObjectHideFlags: 1
  m_PrefabParentObject: {fileID: 0}
  m_PrefabInternal: {fileID: 100100000}
  m_GameObject: {fileID: 1856329578831362}
  m_Enabled: 1
  m_AgentTypeID: 0
  m_Radius: 0.5
  m_Speed: 10
  m_Acceleration: 100
  avoidancePriority: 50
  m_AngularSpeed: 300
  m_StoppingDistance: 0
  m_AutoTraverseOffMeshLink: 1
  m_AutoBraking: 1
  m_AutoRepath: 1
  m_Height: 2
  m_BaseOffset: 0
  m_WalkableMask: 4294967295
  m_ObstacleAvoidanceType: 2
