%YAML 1.1
%TAG !u! tag:unity3d.com,2011:
--- !u!29 &1
OcclusionCullingSettings:
  m_ObjectHideFlags: 0
  serializedVersion: 2
  m_OcclusionBakeSettings:
    smallestOccluder: 5
    smallestHole: 0.25
    backfaceThreshold: 100
  m_SceneGUID: 00000000000000000000000000000000
  m_OcclusionCullingData: {fileID: 0}
--- !u!104 &2
RenderSettings:
  m_ObjectHideFlags: 0
  serializedVersion: 8
  m_Fog: 0
  m_FogColor: {r: 0.5, g: 0.5, b: 0.5, a: 1}
  m_FogMode: 3
  m_FogDensity: 0.01
  m_LinearFogStart: 0
  m_LinearFogEnd: 300
  m_AmbientSkyColor: {r: 0.212, g: 0.227, b: 0.259, a: 1}
  m_AmbientEquatorColor: {r: 0.114, g: 0.125, b: 0.133, a: 1}
  m_AmbientGroundColor: {r: 0.047, g: 0.043, b: 0.035, a: 1}
  m_AmbientIntensity: 1
  m_AmbientMode: 0
  m_SubtractiveShadowColor: {r: 0.42, g: 0.478, b: 0.627, a: 1}
  m_SkyboxMaterial: {fileID: 10304, guid: 0000000000000000f000000000000000, type: 0}
  m_HaloStrength: 0.5
  m_FlareStrength: 1
  m_FlareFadeSpeed: 3
  m_HaloTexture: {fileID: 0}
  m_SpotCookie: {fileID: 10001, guid: 0000000000000000e000000000000000, type: 0}
  m_DefaultReflectionMode: 0
  m_DefaultReflectionResolution: 128
  m_ReflectionBounces: 1
  m_ReflectionIntensity: 1
  m_CustomReflection: {fileID: 0}
  m_Sun: {fileID: 0}
  m_IndirectSpecularColor: {r: 0.18028334, g: 0.2257134, b: 0.30692226, a: 1}
--- !u!157 &3
LightmapSettings:
  m_ObjectHideFlags: 0
  serializedVersion: 11
  m_GIWorkflowMode: 1
  m_GISettings:
    serializedVersion: 2
    m_BounceScale: 1
    m_IndirectOutputScale: 1
    m_AlbedoBoost: 1
    m_TemporalCoherenceThreshold: 1
    m_EnvironmentLightingMode: 0
    m_EnableBakedLightmaps: 1
    m_EnableRealtimeLightmaps: 1
  m_LightmapEditorSettings:
    serializedVersion: 9
    m_Resolution: 2
    m_BakeResolution: 40
    m_TextureWidth: 1024
    m_TextureHeight: 1024
    m_AO: 0
    m_AOMaxDistance: 1
    m_CompAOExponent: 1
    m_CompAOExponentDirect: 0
    m_Padding: 2
    m_LightmapParameters: {fileID: 0}
    m_LightmapsBakeMode: 1
    m_TextureCompression: 1
    m_FinalGather: 0
    m_FinalGatherFiltering: 1
    m_FinalGatherRayCount: 256
    m_ReflectionCompression: 2
    m_MixedBakeMode: 2
    m_BakeBackend: 0
    m_PVRSampling: 1
    m_PVRDirectSampleCount: 32
    m_PVRSampleCount: 500
    m_PVRBounces: 2
    m_PVRFilterTypeDirect: 0
    m_PVRFilterTypeIndirect: 0
    m_PVRFilterTypeAO: 0
    m_PVRFilteringMode: 1
    m_PVRCulling: 1
    m_PVRFilteringGaussRadiusDirect: 1
    m_PVRFilteringGaussRadiusIndirect: 5
    m_PVRFilteringGaussRadiusAO: 2
    m_PVRFilteringAtrousPositionSigmaDirect: 0.5
    m_PVRFilteringAtrousPositionSigmaIndirect: 2
    m_PVRFilteringAtrousPositionSigmaAO: 1
    m_ShowResolutionOverlay: 1
  m_LightingDataAsset: {fileID: 112000002, guid: 1b288dde3b3eadf47b923742a08b05b9,
    type: 2}
  m_UseShadowmask: 1
--- !u!196 &4
NavMeshSettings:
  serializedVersion: 2
  m_ObjectHideFlags: 0
  m_BuildSettings:
    serializedVersion: 2
    agentTypeID: 0
    agentRadius: 0.5
    agentHeight: 2
    agentSlope: 45
    agentClimb: 0.4
    ledgeDropHeight: 0
    maxJumpAcrossDistance: 0
    minRegionArea: 2
    manualCellSize: 0
    cellSize: 0.16666667
    manualTileSize: 0
    tileSize: 256
    accuratePlacement: 0
    debug:
      m_Flags: 0
  m_NavMeshData: {fileID: 0}
--- !u!1 &102497756
GameObject:
  m_ObjectHideFlags: 3
  m_PrefabParentObject: {fileID: 0}
  m_PrefabInternal: {fileID: 0}
  serializedVersion: 5
  m_Component:
  - component: {fileID: 102497757}
  - component: {fileID: 102497760}
  - component: {fileID: 102497759}
  - component: {fileID: 102497758}
  m_Layer: 0
  m_Name: cm
  m_TagString: Untagged
  m_Icon: {fileID: 0}
  m_NavMeshLayer: 0
  m_StaticEditorFlags: 0
  m_IsActive: 1
--- !u!4 &102497757
Transform:
  m_ObjectHideFlags: 3
  m_PrefabParentObject: {fileID: 0}
  m_PrefabInternal: {fileID: 0}
  m_GameObject: {fileID: 102497756}
  m_LocalRotation: {x: -0, y: -0, z: -0, w: 1}
  m_LocalPosition: {x: 0, y: 0, z: 0}
  m_LocalScale: {x: 1, y: 1, z: 1}
  m_Children: []
  m_Father: {fileID: 638227861}
  m_RootOrder: 0
  m_LocalEulerAnglesHint: {x: 0, y: 0, z: 0}
--- !u!114 &102497758
MonoBehaviour:
  m_ObjectHideFlags: 3
  m_PrefabParentObject: {fileID: 0}
  m_PrefabInternal: {fileID: 0}
  m_GameObject: {fileID: 102497756}
  m_Enabled: 1
  m_EditorHideFlags: 0
  m_Script: {fileID: 11500000, guid: fa7155796051b734daa718462081dc5f, type: 3}
  m_Name: 
  m_EditorClassIdentifier: 
  m_BindingMode: 1
  m_FollowOffset: {x: 226.67384, y: 7.4679565, z: 178.73816}
  m_XDamping: 1
  m_YDamping: 1
  m_ZDamping: 1
  m_PitchDamping: 0
  m_YawDamping: 0
  m_RollDamping: 0
--- !u!114 &102497759
MonoBehaviour:
  m_ObjectHideFlags: 3
  m_PrefabParentObject: {fileID: 0}
  m_PrefabInternal: {fileID: 0}
  m_GameObject: {fileID: 102497756}
  m_Enabled: 1
  m_EditorHideFlags: 0
  m_Script: {fileID: 11500000, guid: f4044717213e31446939f7bd49c896ea, type: 3}
  m_Name: 
  m_EditorClassIdentifier: 
  m_TrackedObjectOffset: {x: 0, y: 1.85, z: 1.26}
  m_LookaheadTime: 0
  m_LookaheadSmoothing: 10
  m_HorizontalDamping: 0.5
  m_VerticalDamping: 0.5
  m_ScreenX: 0.5
  m_ScreenY: 0.5
  m_DeadZoneWidth: 0.496
  m_DeadZoneHeight: 0.528
  m_SoftZoneWidth: 0.8
  m_SoftZoneHeight: 0.8
  m_BiasX: 0
  m_BiasY: 0
--- !u!114 &102497760
MonoBehaviour:
  m_ObjectHideFlags: 3
  m_PrefabParentObject: {fileID: 0}
  m_PrefabInternal: {fileID: 0}
  m_GameObject: {fileID: 102497756}
  m_Enabled: 1
  m_EditorHideFlags: 0
  m_Script: {fileID: 11500000, guid: ac0b09e7857660247b1477e93731de29, type: 3}
  m_Name: 
  m_EditorClassIdentifier: 
--- !u!1 &278269632
GameObject:
  m_ObjectHideFlags: 3
  m_PrefabParentObject: {fileID: 0}
  m_PrefabInternal: {fileID: 0}
  serializedVersion: 5
  m_Component:
  - component: {fileID: 278269633}
  - component: {fileID: 278269636}
  - component: {fileID: 278269635}
  - component: {fileID: 278269634}
  m_Layer: 0
  m_Name: cm
  m_TagString: Untagged
  m_Icon: {fileID: 0}
  m_NavMeshLayer: 0
  m_StaticEditorFlags: 0
  m_IsActive: 1
--- !u!4 &278269633
Transform:
  m_ObjectHideFlags: 3
  m_PrefabParentObject: {fileID: 0}
  m_PrefabInternal: {fileID: 0}
  m_GameObject: {fileID: 278269632}
  m_LocalRotation: {x: -0, y: -0, z: -0, w: 1}
  m_LocalPosition: {x: 0, y: 0, z: 0}
  m_LocalScale: {x: 1, y: 1, z: 1}
  m_Children: []
  m_Father: {fileID: 2004132612}
  m_RootOrder: 0
  m_LocalEulerAnglesHint: {x: 0, y: 0, z: 0}
--- !u!114 &278269634
MonoBehaviour:
  m_ObjectHideFlags: 3
  m_PrefabParentObject: {fileID: 0}
  m_PrefabInternal: {fileID: 0}
  m_GameObject: {fileID: 278269632}
  m_Enabled: 1
  m_EditorHideFlags: 0
  m_Script: {fileID: 11500000, guid: fa7155796051b734daa718462081dc5f, type: 3}
  m_Name: 
  m_EditorClassIdentifier: 
  m_BindingMode: 1
  m_FollowOffset: {x: 239.79884, y: 2.7879639, z: 196.72107}
  m_XDamping: 1
  m_YDamping: 1
  m_ZDamping: 1
  m_PitchDamping: 0
  m_YawDamping: 0
  m_RollDamping: 0
--- !u!114 &278269635
MonoBehaviour:
  m_ObjectHideFlags: 3
  m_PrefabParentObject: {fileID: 0}
  m_PrefabInternal: {fileID: 0}
  m_GameObject: {fileID: 278269632}
  m_Enabled: 1
  m_EditorHideFlags: 0
  m_Script: {fileID: 11500000, guid: f4044717213e31446939f7bd49c896ea, type: 3}
  m_Name: 
  m_EditorClassIdentifier: 
  m_TrackedObjectOffset: {x: 0, y: 0, z: 0}
  m_LookaheadTime: 0
  m_LookaheadSmoothing: 10
  m_HorizontalDamping: 0.5
  m_VerticalDamping: 0.5
  m_ScreenX: 0.5
  m_ScreenY: 0.5
  m_DeadZoneWidth: 0.1
  m_DeadZoneHeight: 0.1
  m_SoftZoneWidth: 0.8
  m_SoftZoneHeight: 0.8
  m_BiasX: 0
  m_BiasY: 0
--- !u!114 &278269636
MonoBehaviour:
  m_ObjectHideFlags: 3
  m_PrefabParentObject: {fileID: 0}
  m_PrefabInternal: {fileID: 0}
  m_GameObject: {fileID: 278269632}
  m_Enabled: 1
  m_EditorHideFlags: 0
  m_Script: {fileID: 11500000, guid: ac0b09e7857660247b1477e93731de29, type: 3}
  m_Name: 
  m_EditorClassIdentifier: 
--- !u!1 &447742832
GameObject:
  m_ObjectHideFlags: 0
  m_PrefabParentObject: {fileID: 0}
  m_PrefabInternal: {fileID: 0}
  serializedVersion: 5
  m_Component:
  - component: {fileID: 447742835}
  - component: {fileID: 447742834}
  - component: {fileID: 447742833}
  m_Layer: 0
  m_Name: Terrain
  m_TagString: Untagged
  m_Icon: {fileID: 0}
  m_NavMeshLayer: 0
  m_StaticEditorFlags: 4294967295
  m_IsActive: 1
--- !u!154 &447742833
TerrainCollider:
  m_ObjectHideFlags: 0
  m_PrefabParentObject: {fileID: 0}
  m_PrefabInternal: {fileID: 0}
  m_GameObject: {fileID: 447742832}
  m_Material: {fileID: 0}
  m_Enabled: 1
  m_TerrainData: {fileID: 15600000, guid: 84d9f0164cee6904b8a2d73d53b521c8, type: 2}
  m_EnableTreeColliders: 1
--- !u!218 &447742834
Terrain:
  m_ObjectHideFlags: 0
  m_PrefabParentObject: {fileID: 0}
  m_PrefabInternal: {fileID: 0}
  m_GameObject: {fileID: 447742832}
  m_Enabled: 1
  serializedVersion: 3
  m_TerrainData: {fileID: 15600000, guid: 84d9f0164cee6904b8a2d73d53b521c8, type: 2}
  m_TreeDistance: 5000
  m_TreeBillboardDistance: 50
  m_TreeCrossFadeLength: 5
  m_TreeMaximumFullLODCount: 50
  m_DetailObjectDistance: 80
  m_DetailObjectDensity: 1
  m_HeightmapPixelError: 5
  m_SplatMapDistance: 1000
  m_HeightmapMaximumLOD: 0
  m_CastShadows: 1
  m_DrawHeightmap: 1
  m_DrawTreesAndFoliage: 1
  m_ReflectionProbeUsage: 1
  m_MaterialType: 0
  m_LegacySpecular:
    serializedVersion: 2
    rgba: 4286545791
  m_LegacyShininess: 0.078125
  m_MaterialTemplate: {fileID: 0}
  m_BakeLightProbesForTrees: 1
  m_ScaleInLightmap: 0.05
  m_LightmapParameters: {fileID: 15203, guid: 0000000000000000f000000000000000, type: 0}
--- !u!4 &447742835
Transform:
  m_ObjectHideFlags: 0
  m_PrefabParentObject: {fileID: 0}
  m_PrefabInternal: {fileID: 0}
  m_GameObject: {fileID: 447742832}
  m_LocalRotation: {x: 0, y: 0, z: 0, w: 1}
  m_LocalPosition: {x: -1120, y: 0, z: 0}
  m_LocalScale: {x: 1, y: 1, z: 1}
  m_Children: []
  m_Father: {fileID: 0}
  m_RootOrder: 1
  m_LocalEulerAnglesHint: {x: 0, y: 0, z: 0}
--- !u!1 &638227859
GameObject:
  m_ObjectHideFlags: 0
  m_PrefabParentObject: {fileID: 0}
  m_PrefabInternal: {fileID: 0}
  serializedVersion: 5
  m_Component:
  - component: {fileID: 638227861}
  - component: {fileID: 638227860}
  - component: {fileID: 638227862}
  m_Layer: 0
  m_Name: CM vcam3
  m_TagString: Untagged
  m_Icon: {fileID: 0}
  m_NavMeshLayer: 0
  m_StaticEditorFlags: 0
  m_IsActive: 1
--- !u!114 &638227860
MonoBehaviour:
  m_ObjectHideFlags: 0
  m_PrefabParentObject: {fileID: 0}
  m_PrefabInternal: {fileID: 0}
  m_GameObject: {fileID: 638227859}
  m_Enabled: 1
  m_EditorHideFlags: 0
  m_Script: {fileID: 11500000, guid: 45e653bab7fb20e499bda25e1b646fea, type: 3}
  m_Name: 
  m_EditorClassIdentifier: 
  m_ExcludedPropertiesInInspector:
  - m_Script
  m_LockStageInInspector: 
  m_StreamingVersion: 20170927
  m_Priority: 10
  m_LookAt: {fileID: 1317402919}
  m_Follow: {fileID: 0}
  m_Lens:
    FieldOfView: 40
    OrthographicSize: 10
    NearClipPlane: 0.1
    FarClipPlane: 5000
    Dutch: 0
  m_ComponentOwner: {fileID: 102497757}
--- !u!4 &638227861
Transform:
  m_ObjectHideFlags: 0
  m_PrefabParentObject: {fileID: 0}
  m_PrefabInternal: {fileID: 0}
  m_GameObject: {fileID: 638227859}
  m_LocalRotation: {x: 0.00398384, y: 0.5544748, z: -0.0026543776, w: 0.8321868}
  m_LocalPosition: {x: 259.071, y: 827.698, z: 1712.107}
  m_LocalScale: {x: 1, y: 1, z: 1}
  m_Children:
  - {fileID: 102497757}
  m_Father: {fileID: 836469794}
  m_RootOrder: 2
  m_LocalEulerAnglesHint: {x: 0, y: 0, z: 0}
--- !u!95 &638227862
Animator:
  serializedVersion: 3
  m_ObjectHideFlags: 0
  m_PrefabParentObject: {fileID: 0}
  m_PrefabInternal: {fileID: 0}
  m_GameObject: {fileID: 638227859}
  m_Enabled: 1
  m_Avatar: {fileID: 0}
  m_Controller: {fileID: 0}
  m_CullingMode: 0
  m_UpdateMode: 0
  m_ApplyRootMotion: 1
  m_LinearVelocityBlending: 0
  m_WarningMessage: 
  m_HasTransformHierarchy: 1
  m_AllowConstantClipSamplingOptimization: 1
--- !u!1 &647822317
GameObject:
  m_ObjectHideFlags: 0
  m_PrefabParentObject: {fileID: 0}
  m_PrefabInternal: {fileID: 0}
  serializedVersion: 5
  m_Component:
  - component: {fileID: 647822319}
  - component: {fileID: 647822318}
  m_Layer: 0
  m_Name: DollyTrack1
  m_TagString: Untagged
  m_Icon: {fileID: 0}
  m_NavMeshLayer: 0
  m_StaticEditorFlags: 0
  m_IsActive: 1
--- !u!114 &647822318
MonoBehaviour:
  m_ObjectHideFlags: 0
  m_PrefabParentObject: {fileID: 0}
  m_PrefabInternal: {fileID: 0}
  m_GameObject: {fileID: 647822317}
  m_Enabled: 1
  m_EditorHideFlags: 0
  m_Script: {fileID: 11500000, guid: a200b19ca1a9685429ed7e043c28e904, type: 3}
  m_Name: 
  m_EditorClassIdentifier: 
  m_Resolution: 20
  m_Appearance:
    pathColor: {r: 0, g: 1, b: 0, a: 1}
    inactivePathColor: {r: 0.5, g: 0.5, b: 0.5, a: 1}
    width: 1.82
  m_Looped: 0
  m_Waypoints:
  - position: {x: 1.8901978, y: 0, z: -6.893692}
    roll: 0
  - position: {x: -16.398499, y: -0.397305, z: -13.231461}
    roll: 0
  - position: {x: -31.13478, y: -0.7165103, z: -8.257538}
    roll: 0
--- !u!4 &647822319
Transform:
  m_ObjectHideFlags: 0
  m_PrefabParentObject: {fileID: 0}
  m_PrefabInternal: {fileID: 0}
  m_GameObject: {fileID: 647822317}
  m_LocalRotation: {x: -0, y: -0, z: -0, w: 1}
  m_LocalPosition: {x: 274.85, y: 827.44, z: 1721.39}
  m_LocalScale: {x: 1, y: 1, z: 1}
  m_Children: []
  m_Father: {fileID: 836469794}
  m_RootOrder: 5
  m_LocalEulerAnglesHint: {x: 0, y: 0, z: 0}
--- !u!1001 &663871626
Prefab:
  m_ObjectHideFlags: 0
  serializedVersion: 2
  m_Modification:
    m_TransformParent: {fileID: 0}
    m_Modifications:
    - target: {fileID: 400002, guid: 08904344fbbb0e241a9e84c5641a683e, type: 3}
      propertyPath: m_LocalPosition.x
      value: -867.46497
      objectReference: {fileID: 0}
    - target: {fileID: 400002, guid: 08904344fbbb0e241a9e84c5641a683e, type: 3}
      propertyPath: m_LocalPosition.y
      value: 3.42
      objectReference: {fileID: 0}
    - target: {fileID: 400002, guid: 08904344fbbb0e241a9e84c5641a683e, type: 3}
      propertyPath: m_LocalPosition.z
      value: 200.794
      objectReference: {fileID: 0}
    - target: {fileID: 400002, guid: 08904344fbbb0e241a9e84c5641a683e, type: 3}
      propertyPath: m_LocalRotation.x
      value: -0
      objectReference: {fileID: 0}
    - target: {fileID: 400002, guid: 08904344fbbb0e241a9e84c5641a683e, type: 3}
      propertyPath: m_LocalRotation.y
      value: -0.7071071
      objectReference: {fileID: 0}
    - target: {fileID: 400002, guid: 08904344fbbb0e241a9e84c5641a683e, type: 3}
      propertyPath: m_LocalRotation.z
      value: -0
      objectReference: {fileID: 0}
    - target: {fileID: 400002, guid: 08904344fbbb0e241a9e84c5641a683e, type: 3}
      propertyPath: m_LocalRotation.w
      value: 0.70710653
      objectReference: {fileID: 0}
    - target: {fileID: 400002, guid: 08904344fbbb0e241a9e84c5641a683e, type: 3}
      propertyPath: m_RootOrder
      value: 4
      objectReference: {fileID: 0}
    - target: {fileID: 13700002, guid: 08904344fbbb0e241a9e84c5641a683e, type: 3}
      propertyPath: m_Materials.Array.data[0]
      value: 
      objectReference: {fileID: 2100000, guid: 2caa9a4fafa1a3945b063003f5bd3bef, type: 2}
    - target: {fileID: 13700004, guid: 08904344fbbb0e241a9e84c5641a683e, type: 3}
      propertyPath: m_Materials.Array.data[0]
      value: 
      objectReference: {fileID: 2100000, guid: c02b2f1c7adc66947ad990dc53fe293b, type: 2}
    - target: {fileID: 13700012, guid: 08904344fbbb0e241a9e84c5641a683e, type: 3}
      propertyPath: m_Materials.Array.data[0]
      value: 
      objectReference: {fileID: 2100000, guid: e02a14bb382592148b3fb3518bf8c0e3, type: 2}
    - target: {fileID: 13700006, guid: 08904344fbbb0e241a9e84c5641a683e, type: 3}
      propertyPath: m_Materials.Array.data[0]
      value: 
      objectReference: {fileID: 2100000, guid: c02b2f1c7adc66947ad990dc53fe293b, type: 2}
    - target: {fileID: 13700008, guid: 08904344fbbb0e241a9e84c5641a683e, type: 3}
      propertyPath: m_Materials.Array.data[0]
      value: 
      objectReference: {fileID: 2100000, guid: 0ca0bbbfc2a4e18429df7f2c0b36701d, type: 2}
    - target: {fileID: 13700000, guid: 08904344fbbb0e241a9e84c5641a683e, type: 3}
      propertyPath: m_Materials.Array.data[0]
      value: 
      objectReference: {fileID: 2100000, guid: 27b1ee2934d2b544aa314be0757736db, type: 2}
    - target: {fileID: 400002, guid: 08904344fbbb0e241a9e84c5641a683e, type: 3}
      propertyPath: m_LocalScale.x
      value: 55.97268
      objectReference: {fileID: 0}
    - target: {fileID: 400002, guid: 08904344fbbb0e241a9e84c5641a683e, type: 3}
      propertyPath: m_LocalScale.y
      value: 55.97269
      objectReference: {fileID: 0}
    - target: {fileID: 400002, guid: 08904344fbbb0e241a9e84c5641a683e, type: 3}
      propertyPath: m_LocalScale.z
      value: 55.97269
      objectReference: {fileID: 0}
    - target: {fileID: 400002, guid: 08904344fbbb0e241a9e84c5641a683e, type: 3}
      propertyPath: m_LocalEulerAnglesHint.y
      value: -90.00001
      objectReference: {fileID: 0}
    - target: {fileID: 400044, guid: 08904344fbbb0e241a9e84c5641a683e, type: 3}
      propertyPath: m_LocalRotation.x
      value: 0.02350637
      objectReference: {fileID: 0}
    - target: {fileID: 400044, guid: 08904344fbbb0e241a9e84c5641a683e, type: 3}
      propertyPath: m_LocalRotation.y
      value: 0.002571061
      objectReference: {fileID: 0}
    - target: {fileID: 400044, guid: 08904344fbbb0e241a9e84c5641a683e, type: 3}
      propertyPath: m_LocalRotation.z
      value: 0.0007794051
      objectReference: {fileID: 0}
    - target: {fileID: 400044, guid: 08904344fbbb0e241a9e84c5641a683e, type: 3}
      propertyPath: m_LocalRotation.w
      value: 0.9997201
      objectReference: {fileID: 0}
    - target: {fileID: 400044, guid: 08904344fbbb0e241a9e84c5641a683e, type: 3}
      propertyPath: m_LocalPosition.x
      value: 0.000000798864
      objectReference: {fileID: 0}
    - target: {fileID: 400044, guid: 08904344fbbb0e241a9e84c5641a683e, type: 3}
      propertyPath: m_LocalPosition.y
      value: 0.0007169146
      objectReference: {fileID: 0}
    - target: {fileID: 400044, guid: 08904344fbbb0e241a9e84c5641a683e, type: 3}
      propertyPath: m_LocalPosition.z
      value: 1.6006996e-10
      objectReference: {fileID: 0}
    - target: {fileID: 400124, guid: 08904344fbbb0e241a9e84c5641a683e, type: 3}
      propertyPath: m_LocalRotation.x
      value: 0.008900546
      objectReference: {fileID: 0}
    - target: {fileID: 400124, guid: 08904344fbbb0e241a9e84c5641a683e, type: 3}
      propertyPath: m_LocalRotation.y
      value: 0.0640524
      objectReference: {fileID: 0}
    - target: {fileID: 400124, guid: 08904344fbbb0e241a9e84c5641a683e, type: 3}
      propertyPath: m_LocalRotation.z
      value: 0.99779916
      objectReference: {fileID: 0}
    - target: {fileID: 400124, guid: 08904344fbbb0e241a9e84c5641a683e, type: 3}
      propertyPath: m_LocalRotation.w
      value: -0.014662623
      objectReference: {fileID: 0}
    - target: {fileID: 400124, guid: 08904344fbbb0e241a9e84c5641a683e, type: 3}
      propertyPath: m_LocalPosition.y
      value: -0.00096871017
      objectReference: {fileID: 0}
    - target: {fileID: 400124, guid: 08904344fbbb0e241a9e84c5641a683e, type: 3}
      propertyPath: m_LocalPosition.z
      value: 0.000010668565
      objectReference: {fileID: 0}
    - target: {fileID: 400058, guid: 08904344fbbb0e241a9e84c5641a683e, type: 3}
      propertyPath: m_LocalRotation.x
      value: 0.02447409
      objectReference: {fileID: 0}
    - target: {fileID: 400058, guid: 08904344fbbb0e241a9e84c5641a683e, type: 3}
      propertyPath: m_LocalRotation.y
      value: 0.036503553
      objectReference: {fileID: 0}
    - target: {fileID: 400058, guid: 08904344fbbb0e241a9e84c5641a683e, type: 3}
      propertyPath: m_LocalRotation.z
      value: -0.027947366
      objectReference: {fileID: 0}
    - target: {fileID: 400058, guid: 08904344fbbb0e241a9e84c5641a683e, type: 3}
      propertyPath: m_LocalRotation.w
      value: 0.9986428
      objectReference: {fileID: 0}
    - target: {fileID: 400058, guid: 08904344fbbb0e241a9e84c5641a683e, type: 3}
      propertyPath: m_LocalPosition.x
      value: 0.00009184117
      objectReference: {fileID: 0}
    - target: {fileID: 400058, guid: 08904344fbbb0e241a9e84c5641a683e, type: 3}
      propertyPath: m_LocalPosition.y
      value: 0.0006554856
      objectReference: {fileID: 0}
    - target: {fileID: 400058, guid: 08904344fbbb0e241a9e84c5641a683e, type: 3}
      propertyPath: m_LocalPosition.z
      value: 2.037256e-10
      objectReference: {fileID: 0}
    - target: {fileID: 400088, guid: 08904344fbbb0e241a9e84c5641a683e, type: 3}
      propertyPath: m_LocalRotation.x
      value: 0.021300625
      objectReference: {fileID: 0}
    - target: {fileID: 400088, guid: 08904344fbbb0e241a9e84c5641a683e, type: 3}
      propertyPath: m_LocalRotation.y
      value: 0.0007133184
      objectReference: {fileID: 0}
    - target: {fileID: 400088, guid: 08904344fbbb0e241a9e84c5641a683e, type: 3}
      propertyPath: m_LocalRotation.z
      value: 0.0002520233
      objectReference: {fileID: 0}
    - target: {fileID: 400088, guid: 08904344fbbb0e241a9e84c5641a683e, type: 3}
      propertyPath: m_LocalRotation.w
      value: -0.99977285
      objectReference: {fileID: 0}
    - target: {fileID: 400088, guid: 08904344fbbb0e241a9e84c5641a683e, type: 3}
      propertyPath: m_LocalPosition.x
      value: -0.0000016090919
      objectReference: {fileID: 0}
    - target: {fileID: 400088, guid: 08904344fbbb0e241a9e84c5641a683e, type: 3}
      propertyPath: m_LocalPosition.y
      value: 0.0006284362
      objectReference: {fileID: 0}
    - target: {fileID: 400088, guid: 08904344fbbb0e241a9e84c5641a683e, type: 3}
      propertyPath: m_LocalPosition.z
      value: 4.6565776e-10
      objectReference: {fileID: 0}
    - target: {fileID: 400082, guid: 08904344fbbb0e241a9e84c5641a683e, type: 3}
      propertyPath: m_LocalRotation.x
      value: 0.00046023168
      objectReference: {fileID: 0}
    - target: {fileID: 400082, guid: 08904344fbbb0e241a9e84c5641a683e, type: 3}
      propertyPath: m_LocalRotation.y
      value: 0.028535651
      objectReference: {fileID: 0}
    - target: {fileID: 400082, guid: 08904344fbbb0e241a9e84c5641a683e, type: 3}
      propertyPath: m_LocalRotation.z
      value: 0.1252923
      objectReference: {fileID: 0}
    - target: {fileID: 400082, guid: 08904344fbbb0e241a9e84c5641a683e, type: 3}
      propertyPath: m_LocalRotation.w
      value: -0.99170935
      objectReference: {fileID: 0}
    - target: {fileID: 400082, guid: 08904344fbbb0e241a9e84c5641a683e, type: 3}
      propertyPath: m_LocalPosition.x
      value: -2.9103742e-10
      objectReference: {fileID: 0}
    - target: {fileID: 400082, guid: 08904344fbbb0e241a9e84c5641a683e, type: 3}
      propertyPath: m_LocalPosition.y
      value: 0.0048089684
      objectReference: {fileID: 0}
    - target: {fileID: 400082, guid: 08904344fbbb0e241a9e84c5641a683e, type: 3}
      propertyPath: m_LocalPosition.z
      value: -6.693855e-10
      objectReference: {fileID: 0}
    - target: {fileID: 400034, guid: 08904344fbbb0e241a9e84c5641a683e, type: 3}
      propertyPath: m_LocalRotation.x
      value: 0.038575992
      objectReference: {fileID: 0}
    - target: {fileID: 400034, guid: 08904344fbbb0e241a9e84c5641a683e, type: 3}
      propertyPath: m_LocalRotation.y
      value: 0.0011026708
      objectReference: {fileID: 0}
    - target: {fileID: 400034, guid: 08904344fbbb0e241a9e84c5641a683e, type: 3}
      propertyPath: m_LocalRotation.z
      value: 0.0009672936
      objectReference: {fileID: 0}
    - target: {fileID: 400034, guid: 08904344fbbb0e241a9e84c5641a683e, type: 3}
      propertyPath: m_LocalRotation.w
      value: 0.99925464
      objectReference: {fileID: 0}
    - target: {fileID: 400034, guid: 08904344fbbb0e241a9e84c5641a683e, type: 3}
      propertyPath: m_LocalPosition.x
      value: -0.00000069580415
      objectReference: {fileID: 0}
    - target: {fileID: 400034, guid: 08904344fbbb0e241a9e84c5641a683e, type: 3}
      propertyPath: m_LocalPosition.y
      value: 0.00068846485
      objectReference: {fileID: 0}
    - target: {fileID: 400034, guid: 08904344fbbb0e241a9e84c5641a683e, type: 3}
      propertyPath: m_LocalPosition.z
      value: 6.6938477e-10
      objectReference: {fileID: 0}
    - target: {fileID: 400030, guid: 08904344fbbb0e241a9e84c5641a683e, type: 3}
      propertyPath: m_LocalRotation.x
      value: 0.00000081583863
      objectReference: {fileID: 0}
    - target: {fileID: 400030, guid: 08904344fbbb0e241a9e84c5641a683e, type: 3}
      propertyPath: m_LocalRotation.y
      value: 0.03670399
      objectReference: {fileID: 0}
    - target: {fileID: 400030, guid: 08904344fbbb0e241a9e84c5641a683e, type: 3}
      propertyPath: m_LocalRotation.z
      value: 0.12434362
      objectReference: {fileID: 0}
    - target: {fileID: 400030, guid: 08904344fbbb0e241a9e84c5641a683e, type: 3}
      propertyPath: m_LocalRotation.w
      value: 0.99156016
      objectReference: {fileID: 0}
    - target: {fileID: 400030, guid: 08904344fbbb0e241a9e84c5641a683e, type: 3}
      propertyPath: m_LocalPosition.x
      value: 1.4551889e-10
      objectReference: {fileID: 0}
    - target: {fileID: 400030, guid: 08904344fbbb0e241a9e84c5641a683e, type: 3}
      propertyPath: m_LocalPosition.z
      value: -7.566962e-10
      objectReference: {fileID: 0}
    - target: {fileID: 400070, guid: 08904344fbbb0e241a9e84c5641a683e, type: 3}
      propertyPath: m_LocalRotation.x
      value: 0.32075286
      objectReference: {fileID: 0}
    - target: {fileID: 400070, guid: 08904344fbbb0e241a9e84c5641a683e, type: 3}
      propertyPath: m_LocalRotation.y
      value: 0.023326367
      objectReference: {fileID: 0}
    - target: {fileID: 400070, guid: 08904344fbbb0e241a9e84c5641a683e, type: 3}
      propertyPath: m_LocalRotation.z
      value: -0.007902085
      objectReference: {fileID: 0}
    - target: {fileID: 400070, guid: 08904344fbbb0e241a9e84c5641a683e, type: 3}
      propertyPath: m_LocalRotation.w
      value: 0.94684273
      objectReference: {fileID: 0}
    - target: {fileID: 400070, guid: 08904344fbbb0e241a9e84c5641a683e, type: 3}
      propertyPath: m_LocalPosition.x
      value: 5.820763e-11
      objectReference: {fileID: 0}
    - target: {fileID: 400070, guid: 08904344fbbb0e241a9e84c5641a683e, type: 3}
      propertyPath: m_LocalPosition.y
      value: 0.0025163523
      objectReference: {fileID: 0}
    - target: {fileID: 400070, guid: 08904344fbbb0e241a9e84c5641a683e, type: 3}
      propertyPath: m_LocalPosition.z
      value: -8.1490753e-10
      objectReference: {fileID: 0}
    - target: {fileID: 400022, guid: 08904344fbbb0e241a9e84c5641a683e, type: 3}
      propertyPath: m_LocalRotation.x
      value: 0.0005656526
      objectReference: {fileID: 0}
    - target: {fileID: 400022, guid: 08904344fbbb0e241a9e84c5641a683e, type: 3}
      propertyPath: m_LocalRotation.y
      value: 0.000020500373
      objectReference: {fileID: 0}
    - target: {fileID: 400022, guid: 08904344fbbb0e241a9e84c5641a683e, type: 3}
      propertyPath: m_LocalRotation.z
      value: -0.0000008097502
      objectReference: {fileID: 0}
    - target: {fileID: 400022, guid: 08904344fbbb0e241a9e84c5641a683e, type: 3}
      propertyPath: m_LocalRotation.w
      value: 0.9999999
      objectReference: {fileID: 0}
    - target: {fileID: 400022, guid: 08904344fbbb0e241a9e84c5641a683e, type: 3}
      propertyPath: m_LocalPosition.x
      value: -0.000050057595
      objectReference: {fileID: 0}
    - target: {fileID: 400022, guid: 08904344fbbb0e241a9e84c5641a683e, type: 3}
      propertyPath: m_LocalPosition.y
      value: 0.021287331
      objectReference: {fileID: 0}
    - target: {fileID: 400022, guid: 08904344fbbb0e241a9e84c5641a683e, type: 3}
      propertyPath: m_LocalPosition.z
      value: 0.0000021333046
      objectReference: {fileID: 0}
    - target: {fileID: 400118, guid: 08904344fbbb0e241a9e84c5641a683e, type: 3}
      propertyPath: m_LocalRotation.x
      value: -0.6034421
      objectReference: {fileID: 0}
    - target: {fileID: 400118, guid: 08904344fbbb0e241a9e84c5641a683e, type: 3}
      propertyPath: m_LocalRotation.y
      value: -0.36680356
      objectReference: {fileID: 0}
    - target: {fileID: 400118, guid: 08904344fbbb0e241a9e84c5641a683e, type: 3}
      propertyPath: m_LocalRotation.z
      value: 0.6059164
      objectReference: {fileID: 0}
    - target: {fileID: 400118, guid: 08904344fbbb0e241a9e84c5641a683e, type: 3}
      propertyPath: m_LocalRotation.w
      value: -0.36630347
      objectReference: {fileID: 0}
    - target: {fileID: 400118, guid: 08904344fbbb0e241a9e84c5641a683e, type: 3}
      propertyPath: m_LocalPosition.y
      value: 0.0022992648
      objectReference: {fileID: 0}
    - target: {fileID: 400118, guid: 08904344fbbb0e241a9e84c5641a683e, type: 3}
      propertyPath: m_LocalPosition.z
      value: -0.0000061743267
      objectReference: {fileID: 0}
    - target: {fileID: 400036, guid: 08904344fbbb0e241a9e84c5641a683e, type: 3}
      propertyPath: m_LocalRotation.x
      value: -0.025254762
      objectReference: {fileID: 0}
    - target: {fileID: 400036, guid: 08904344fbbb0e241a9e84c5641a683e, type: 3}
      propertyPath: m_LocalRotation.y
      value: 0.0011148002
      objectReference: {fileID: 0}
    - target: {fileID: 400036, guid: 08904344fbbb0e241a9e84c5641a683e, type: 3}
      propertyPath: m_LocalRotation.z
      value: 0.00039811418
      objectReference: {fileID: 0}
    - target: {fileID: 400036, guid: 08904344fbbb0e241a9e84c5641a683e, type: 3}
      propertyPath: m_LocalRotation.w
      value: 0.9996804
      objectReference: {fileID: 0}
    - target: {fileID: 400036, guid: 08904344fbbb0e241a9e84c5641a683e, type: 3}
      propertyPath: m_LocalPosition.x
      value: 0.0000005169618
      objectReference: {fileID: 0}
    - target: {fileID: 400036, guid: 08904344fbbb0e241a9e84c5641a683e, type: 3}
      propertyPath: m_LocalPosition.y
      value: 0.0006527194
      objectReference: {fileID: 0}
    - target: {fileID: 400036, guid: 08904344fbbb0e241a9e84c5641a683e, type: 3}
      propertyPath: m_LocalPosition.z
      value: -5.3841787e-10
      objectReference: {fileID: 0}
    - target: {fileID: 400084, guid: 08904344fbbb0e241a9e84c5641a683e, type: 3}
      propertyPath: m_LocalRotation.x
      value: 0.032541476
      objectReference: {fileID: 0}
    - target: {fileID: 400084, guid: 08904344fbbb0e241a9e84c5641a683e, type: 3}
      propertyPath: m_LocalRotation.y
      value: 0.027957879
      objectReference: {fileID: 0}
    - target: {fileID: 400084, guid: 08904344fbbb0e241a9e84c5641a683e, type: 3}
      propertyPath: m_LocalRotation.z
      value: 0.0148396455
      objectReference: {fileID: 0}
    - target: {fileID: 400084, guid: 08904344fbbb0e241a9e84c5641a683e, type: 3}
      propertyPath: m_LocalRotation.w
      value: 0.9989691
      objectReference: {fileID: 0}
    - target: {fileID: 400084, guid: 08904344fbbb0e241a9e84c5641a683e, type: 3}
      propertyPath: m_LocalPosition.x
      value: -0.00051353994
      objectReference: {fileID: 0}
    - target: {fileID: 400084, guid: 08904344fbbb0e241a9e84c5641a683e, type: 3}
      propertyPath: m_LocalPosition.y
      value: 0.0021921298
      objectReference: {fileID: 0}
    - target: {fileID: 400084, guid: 08904344fbbb0e241a9e84c5641a683e, type: 3}
      propertyPath: m_LocalPosition.z
      value: -0.00013935319
      objectReference: {fileID: 0}
    - target: {fileID: 400100, guid: 08904344fbbb0e241a9e84c5641a683e, type: 3}
      propertyPath: m_LocalRotation.x
      value: 0.030870002
      objectReference: {fileID: 0}
    - target: {fileID: 400100, guid: 08904344fbbb0e241a9e84c5641a683e, type: 3}
      propertyPath: m_LocalRotation.y
      value: 0.017514912
      objectReference: {fileID: 0}
    - target: {fileID: 400100, guid: 08904344fbbb0e241a9e84c5641a683e, type: 3}
      propertyPath: m_LocalRotation.z
      value: 0.021442814
      objectReference: {fileID: 0}
    - target: {fileID: 400100, guid: 08904344fbbb0e241a9e84c5641a683e, type: 3}
      propertyPath: m_LocalRotation.w
      value: 0.9991399
      objectReference: {fileID: 0}
    - target: {fileID: 400100, guid: 08904344fbbb0e241a9e84c5641a683e, type: 3}
      propertyPath: m_LocalPosition.x
      value: 0.00050337147
      objectReference: {fileID: 0}
    - target: {fileID: 400100, guid: 08904344fbbb0e241a9e84c5641a683e, type: 3}
      propertyPath: m_LocalPosition.y
      value: 0.0022845385
      objectReference: {fileID: 0}
    - target: {fileID: 400100, guid: 08904344fbbb0e241a9e84c5641a683e, type: 3}
      propertyPath: m_LocalPosition.z
      value: -0.00010901011
      objectReference: {fileID: 0}
    - target: {fileID: 400104, guid: 08904344fbbb0e241a9e84c5641a683e, type: 3}
      propertyPath: m_LocalRotation.x
      value: 0.023913005
      objectReference: {fileID: 0}
    - target: {fileID: 400104, guid: 08904344fbbb0e241a9e84c5641a683e, type: 3}
      propertyPath: m_LocalRotation.y
      value: 0.006293653
      objectReference: {fileID: 0}
    - target: {fileID: 400104, guid: 08904344fbbb0e241a9e84c5641a683e, type: 3}
      propertyPath: m_LocalRotation.z
      value: 0.0022421475
      objectReference: {fileID: 0}
    - target: {fileID: 400104, guid: 08904344fbbb0e241a9e84c5641a683e, type: 3}
      propertyPath: m_LocalRotation.w
      value: -0.9996917
      objectReference: {fileID: 0}
    - target: {fileID: 400104, guid: 08904344fbbb0e241a9e84c5641a683e, type: 3}
      propertyPath: m_LocalPosition.x
      value: -0.000004050449
      objectReference: {fileID: 0}
    - target: {fileID: 400104, guid: 08904344fbbb0e241a9e84c5641a683e, type: 3}
      propertyPath: m_LocalPosition.y
      value: 0.000531851
      objectReference: {fileID: 0}
    - target: {fileID: 400104, guid: 08904344fbbb0e241a9e84c5641a683e, type: 3}
      propertyPath: m_LocalPosition.z
      value: 4.292784e-10
      objectReference: {fileID: 0}
    - target: {fileID: 400060, guid: 08904344fbbb0e241a9e84c5641a683e, type: 3}
      propertyPath: m_LocalRotation.x
      value: -0.020013127
      objectReference: {fileID: 0}
    - target: {fileID: 400060, guid: 08904344fbbb0e241a9e84c5641a683e, type: 3}
      propertyPath: m_LocalRotation.y
      value: 0.035215285
      objectReference: {fileID: 0}
    - target: {fileID: 400060, guid: 08904344fbbb0e241a9e84c5641a683e, type: 3}
      propertyPath: m_LocalRotation.z
      value: -0.064891115
      objectReference: {fileID: 0}
    - target: {fileID: 400060, guid: 08904344fbbb0e241a9e84c5641a683e, type: 3}
      propertyPath: m_LocalRotation.w
      value: 0.99706995
      objectReference: {fileID: 0}
    - target: {fileID: 400060, guid: 08904344fbbb0e241a9e84c5641a683e, type: 3}
      propertyPath: m_LocalPosition.y
      value: 0.0007657288
      objectReference: {fileID: 0}
    - target: {fileID: 400060, guid: 08904344fbbb0e241a9e84c5641a683e, type: 3}
      propertyPath: m_LocalPosition.z
      value: 2.3282916e-10
      objectReference: {fileID: 0}
    - target: {fileID: 400092, guid: 08904344fbbb0e241a9e84c5641a683e, type: 3}
      propertyPath: m_LocalRotation.x
      value: 0.031224795
      objectReference: {fileID: 0}
    - target: {fileID: 400092, guid: 08904344fbbb0e241a9e84c5641a683e, type: 3}
      propertyPath: m_LocalRotation.y
      value: 0.02982422
      objectReference: {fileID: 0}
    - target: {fileID: 400092, guid: 08904344fbbb0e241a9e84c5641a683e, type: 3}
      propertyPath: m_LocalRotation.z
      value: 0.01928186
      objectReference: {fileID: 0}
    - target: {fileID: 400092, guid: 08904344fbbb0e241a9e84c5641a683e, type: 3}
      propertyPath: m_LocalRotation.w
      value: 0.9988812
      objectReference: {fileID: 0}
    - target: {fileID: 400092, guid: 08904344fbbb0e241a9e84c5641a683e, type: 3}
      propertyPath: m_LocalPosition.x
      value: 0.000010167771
      objectReference: {fileID: 0}
    - target: {fileID: 400092, guid: 08904344fbbb0e241a9e84c5641a683e, type: 3}
      propertyPath: m_LocalPosition.y
      value: 0.0022102406
      objectReference: {fileID: 0}
    - target: {fileID: 400092, guid: 08904344fbbb0e241a9e84c5641a683e, type: 3}
      propertyPath: m_LocalPosition.z
      value: -0.00016208093
      objectReference: {fileID: 0}
    - target: {fileID: 400108, guid: 08904344fbbb0e241a9e84c5641a683e, type: 3}
      propertyPath: m_LocalRotation.x
      value: 0.09672439
      objectReference: {fileID: 0}
    - target: {fileID: 400108, guid: 08904344fbbb0e241a9e84c5641a683e, type: 3}
      propertyPath: m_LocalRotation.y
      value: -0.053710613
      objectReference: {fileID: 0}
    - target: {fileID: 400108, guid: 08904344fbbb0e241a9e84c5641a683e, type: 3}
      propertyPath: m_LocalRotation.z
      value: 0.23759301
      objectReference: {fileID: 0}
    - target: {fileID: 400108, guid: 08904344fbbb0e241a9e84c5641a683e, type: 3}
      propertyPath: m_LocalRotation.w
      value: 0.9650436
      objectReference: {fileID: 0}
    - target: {fileID: 400108, guid: 08904344fbbb0e241a9e84c5641a683e, type: 3}
      propertyPath: m_LocalPosition.x
      value: -0.0003616649
      objectReference: {fileID: 0}
    - target: {fileID: 400108, guid: 08904344fbbb0e241a9e84c5641a683e, type: 3}
      propertyPath: m_LocalPosition.y
      value: 0.00075085287
      objectReference: {fileID: 0}
    - target: {fileID: 400108, guid: 08904344fbbb0e241a9e84c5641a683e, type: 3}
      propertyPath: m_LocalPosition.z
      value: 0.000174089
      objectReference: {fileID: 0}
    - target: {fileID: 400122, guid: 08904344fbbb0e241a9e84c5641a683e, type: 3}
      propertyPath: m_LocalRotation.x
      value: 0.3233694
      objectReference: {fileID: 0}
    - target: {fileID: 400122, guid: 08904344fbbb0e241a9e84c5641a683e, type: 3}
      propertyPath: m_LocalRotation.y
      value: -0.022566736
      objectReference: {fileID: 0}
    - target: {fileID: 400122, guid: 08904344fbbb0e241a9e84c5641a683e, type: 3}
      propertyPath: m_LocalRotation.z
      value: 0.007714153
      objectReference: {fileID: 0}
    - target: {fileID: 400122, guid: 08904344fbbb0e241a9e84c5641a683e, type: 3}
      propertyPath: m_LocalRotation.w
      value: 0.94597226
      objectReference: {fileID: 0}
    - target: {fileID: 400122, guid: 08904344fbbb0e241a9e84c5641a683e, type: 3}
      propertyPath: m_LocalPosition.x
      value: -2.9103794e-11
      objectReference: {fileID: 0}
    - target: {fileID: 400122, guid: 08904344fbbb0e241a9e84c5641a683e, type: 3}
      propertyPath: m_LocalPosition.y
      value: 0.0024989413
      objectReference: {fileID: 0}
    - target: {fileID: 400122, guid: 08904344fbbb0e241a9e84c5641a683e, type: 3}
      propertyPath: m_LocalPosition.z
      value: 0
      objectReference: {fileID: 0}
    - target: {fileID: 400086, guid: 08904344fbbb0e241a9e84c5641a683e, type: 3}
      propertyPath: m_LocalRotation.x
      value: -0.039732542
      objectReference: {fileID: 0}
    - target: {fileID: 400086, guid: 08904344fbbb0e241a9e84c5641a683e, type: 3}
      propertyPath: m_LocalRotation.y
      value: 0.0006993412
      objectReference: {fileID: 0}
    - target: {fileID: 400086, guid: 08904344fbbb0e241a9e84c5641a683e, type: 3}
      propertyPath: m_LocalRotation.z
      value: 0.0016216037
      objectReference: {fileID: 0}
    - target: {fileID: 400086, guid: 08904344fbbb0e241a9e84c5641a683e, type: 3}
      propertyPath: m_LocalRotation.w
      value: -0.99920875
      objectReference: {fileID: 0}
    - target: {fileID: 400086, guid: 08904344fbbb0e241a9e84c5641a683e, type: 3}
      propertyPath: m_LocalPosition.x
      value: 0.0000020472282
      objectReference: {fileID: 0}
    - target: {fileID: 400086, guid: 08904344fbbb0e241a9e84c5641a683e, type: 3}
      propertyPath: m_LocalPosition.y
      value: 0.0006728012
      objectReference: {fileID: 0}
    - target: {fileID: 400086, guid: 08904344fbbb0e241a9e84c5641a683e, type: 3}
      propertyPath: m_LocalPosition.z
      value: -6.1117655e-10
      objectReference: {fileID: 0}
    - target: {fileID: 400102, guid: 08904344fbbb0e241a9e84c5641a683e, type: 3}
      propertyPath: m_LocalRotation.x
      value: -0.038475644
      objectReference: {fileID: 0}
    - target: {fileID: 400102, guid: 08904344fbbb0e241a9e84c5641a683e, type: 3}
      propertyPath: m_LocalRotation.y
      value: 0.006191074
      objectReference: {fileID: 0}
    - target: {fileID: 400102, guid: 08904344fbbb0e241a9e84c5641a683e, type: 3}
      propertyPath: m_LocalRotation.z
      value: 0.0076257875
      objectReference: {fileID: 0}
    - target: {fileID: 400102, guid: 08904344fbbb0e241a9e84c5641a683e, type: 3}
      propertyPath: m_LocalRotation.w
      value: -0.9992113
      objectReference: {fileID: 0}
    - target: {fileID: 400102, guid: 08904344fbbb0e241a9e84c5641a683e, type: 3}
      propertyPath: m_LocalPosition.x
      value: 0.0000056378376
      objectReference: {fileID: 0}
    - target: {fileID: 400102, guid: 08904344fbbb0e241a9e84c5641a683e, type: 3}
      propertyPath: m_LocalPosition.y
      value: 0.00056756096
      objectReference: {fileID: 0}
    - target: {fileID: 400102, guid: 08904344fbbb0e241a9e84c5641a683e, type: 3}
      propertyPath: m_LocalPosition.z
      value: -1.0186275e-10
      objectReference: {fileID: 0}
    - target: {fileID: 400024, guid: 08904344fbbb0e241a9e84c5641a683e, type: 3}
      propertyPath: m_LocalRotation.x
      value: -0.20099437
      objectReference: {fileID: 0}
    - target: {fileID: 400024, guid: 08904344fbbb0e241a9e84c5641a683e, type: 3}
      propertyPath: m_LocalRotation.y
      value: -0.0017457412
      objectReference: {fileID: 0}
    - target: {fileID: 400024, guid: 08904344fbbb0e241a9e84c5641a683e, type: 3}
      propertyPath: m_LocalRotation.z
      value: -0.0105648795
      objectReference: {fileID: 0}
    - target: {fileID: 400024, guid: 08904344fbbb0e241a9e84c5641a683e, type: 3}
      propertyPath: m_LocalRotation.w
      value: 0.9795339
      objectReference: {fileID: 0}
    - target: {fileID: 400024, guid: 08904344fbbb0e241a9e84c5641a683e, type: 3}
      propertyPath: m_LocalPosition.x
      value: -5.456964e-12
      objectReference: {fileID: 0}
    - target: {fileID: 400024, guid: 08904344fbbb0e241a9e84c5641a683e, type: 3}
      propertyPath: m_LocalPosition.y
      value: 0.0020518848
      objectReference: {fileID: 0}
    - target: {fileID: 400024, guid: 08904344fbbb0e241a9e84c5641a683e, type: 3}
      propertyPath: m_LocalPosition.z
      value: -3.4924535e-10
      objectReference: {fileID: 0}
    - target: {fileID: 400078, guid: 08904344fbbb0e241a9e84c5641a683e, type: 3}
      propertyPath: m_LocalRotation.x
      value: 0.5113233
      objectReference: {fileID: 0}
    - target: {fileID: 400078, guid: 08904344fbbb0e241a9e84c5641a683e, type: 3}
      propertyPath: m_LocalRotation.y
      value: -0.08839363
      objectReference: {fileID: 0}
    - target: {fileID: 400078, guid: 08904344fbbb0e241a9e84c5641a683e, type: 3}
      propertyPath: m_LocalRotation.z
      value: 0.060314544
      objectReference: {fileID: 0}
    - target: {fileID: 400078, guid: 08904344fbbb0e241a9e84c5641a683e, type: 3}
      propertyPath: m_LocalRotation.w
      value: 0.8527
      objectReference: {fileID: 0}
    - target: {fileID: 400078, guid: 08904344fbbb0e241a9e84c5641a683e, type: 3}
      propertyPath: m_LocalPosition.x
      value: 1.7648527e-10
      objectReference: {fileID: 0}
    - target: {fileID: 400078, guid: 08904344fbbb0e241a9e84c5641a683e, type: 3}
      propertyPath: m_LocalPosition.y
      value: 0.009204851
      objectReference: {fileID: 0}
    - target: {fileID: 400078, guid: 08904344fbbb0e241a9e84c5641a683e, type: 3}
      propertyPath: m_LocalPosition.z
      value: -2.9414218e-11
      objectReference: {fileID: 0}
    - target: {fileID: 400126, guid: 08904344fbbb0e241a9e84c5641a683e, type: 3}
      propertyPath: m_LocalRotation.x
      value: -0.010586023
      objectReference: {fileID: 0}
    - target: {fileID: 400126, guid: 08904344fbbb0e241a9e84c5641a683e, type: 3}
      propertyPath: m_LocalRotation.y
      value: -0
      objectReference: {fileID: 0}
    - target: {fileID: 400126, guid: 08904344fbbb0e241a9e84c5641a683e, type: 3}
      propertyPath: m_LocalRotation.z
      value: -0
      objectReference: {fileID: 0}
    - target: {fileID: 400126, guid: 08904344fbbb0e241a9e84c5641a683e, type: 3}
      propertyPath: m_LocalRotation.w
      value: 0.99994403
      objectReference: {fileID: 0}
    - target: {fileID: 400126, guid: 08904344fbbb0e241a9e84c5641a683e, type: 3}
      propertyPath: m_LocalPosition.x
      value: -1.5230857e-12
      objectReference: {fileID: 0}
    - target: {fileID: 400126, guid: 08904344fbbb0e241a9e84c5641a683e, type: 3}
      propertyPath: m_LocalPosition.y
      value: 0.0017415136
      objectReference: {fileID: 0}
    - target: {fileID: 400126, guid: 08904344fbbb0e241a9e84c5641a683e, type: 3}
      propertyPath: m_LocalPosition.z
      value: -0.000036877693
      objectReference: {fileID: 0}
    - target: {fileID: 400028, guid: 08904344fbbb0e241a9e84c5641a683e, type: 3}
      propertyPath: m_LocalRotation.x
      value: -0.031450495
      objectReference: {fileID: 0}
    - target: {fileID: 400028, guid: 08904344fbbb0e241a9e84c5641a683e, type: 3}
      propertyPath: m_LocalRotation.y
      value: -0.03536797
      objectReference: {fileID: 0}
    - target: {fileID: 400028, guid: 08904344fbbb0e241a9e84c5641a683e, type: 3}
      propertyPath: m_LocalRotation.z
      value: -0.10647502
      objectReference: {fileID: 0}
    - target: {fileID: 400028, guid: 08904344fbbb0e241a9e84c5641a683e, type: 3}
      propertyPath: m_LocalRotation.w
      value: 0.9931883
      objectReference: {fileID: 0}
    - target: {fileID: 400028, guid: 08904344fbbb0e241a9e84c5641a683e, type: 3}
      propertyPath: m_LocalPosition.x
      value: -8.731134e-11
      objectReference: {fileID: 0}
    - target: {fileID: 400028, guid: 08904344fbbb0e241a9e84c5641a683e, type: 3}
      propertyPath: m_LocalPosition.y
      value: 0.005526265
      objectReference: {fileID: 0}
    - target: {fileID: 400028, guid: 08904344fbbb0e241a9e84c5641a683e, type: 3}
      propertyPath: m_LocalPosition.z
      value: 5.238672e-10
      objectReference: {fileID: 0}
    - target: {fileID: 400096, guid: 08904344fbbb0e241a9e84c5641a683e, type: 3}
      propertyPath: m_LocalRotation.x
      value: 0.020942695
      objectReference: {fileID: 0}
    - target: {fileID: 400096, guid: 08904344fbbb0e241a9e84c5641a683e, type: 3}
      propertyPath: m_LocalRotation.y
      value: 0.0044024573
      objectReference: {fileID: 0}
    - target: {fileID: 400096, guid: 08904344fbbb0e241a9e84c5641a683e, type: 3}
      propertyPath: m_LocalRotation.z
      value: 0.0015540266
      objectReference: {fileID: 0}
    - target: {fileID: 400096, guid: 08904344fbbb0e241a9e84c5641a683e, type: 3}
      propertyPath: m_LocalRotation.w
      value: -0.9997698
      objectReference: {fileID: 0}
    - target: {fileID: 400096, guid: 08904344fbbb0e241a9e84c5641a683e, type: 3}
      propertyPath: m_LocalPosition.x
      value: -0.000003143942
      objectReference: {fileID: 0}
    - target: {fileID: 400096, guid: 08904344fbbb0e241a9e84c5641a683e, type: 3}
      propertyPath: m_LocalPosition.y
      value: 0.0007017431
      objectReference: {fileID: 0}
    - target: {fileID: 400096, guid: 08904344fbbb0e241a9e84c5641a683e, type: 3}
      propertyPath: m_LocalPosition.z
      value: 0
      objectReference: {fileID: 0}
    - target: {fileID: 400076, guid: 08904344fbbb0e241a9e84c5641a683e, type: 3}
      propertyPath: m_LocalRotation.x
      value: -0.20151411
      objectReference: {fileID: 0}
    - target: {fileID: 400076, guid: 08904344fbbb0e241a9e84c5641a683e, type: 3}
      propertyPath: m_LocalRotation.y
      value: 0.0021108978
      objectReference: {fileID: 0}
    - target: {fileID: 400076, guid: 08904344fbbb0e241a9e84c5641a683e, type: 3}
      propertyPath: m_LocalRotation.z
      value: 0.009586615
      objectReference: {fileID: 0}
    - target: {fileID: 400076, guid: 08904344fbbb0e241a9e84c5641a683e, type: 3}
      propertyPath: m_LocalRotation.w
      value: 0.9794365
      objectReference: {fileID: 0}
    - target: {fileID: 400076, guid: 08904344fbbb0e241a9e84c5641a683e, type: 3}
      propertyPath: m_LocalPosition.x
      value: -2.728481e-10
      objectReference: {fileID: 0}
    - target: {fileID: 400076, guid: 08904344fbbb0e241a9e84c5641a683e, type: 3}
      propertyPath: m_LocalPosition.y
      value: 0.0020518857
      objectReference: {fileID: 0}
    - target: {fileID: 400076, guid: 08904344fbbb0e241a9e84c5641a683e, type: 3}
      propertyPath: m_LocalPosition.z
      value: 4.0745268e-10
      objectReference: {fileID: 0}
    - target: {fileID: 400074, guid: 08904344fbbb0e241a9e84c5641a683e, type: 3}
      propertyPath: m_LocalRotation.x
      value: -0.06535501
      objectReference: {fileID: 0}
    - target: {fileID: 400074, guid: 08904344fbbb0e241a9e84c5641a683e, type: 3}
      propertyPath: m_LocalRotation.y
      value: 0.000000044703476
      objectReference: {fileID: 0}
    - target: {fileID: 400074, guid: 08904344fbbb0e241a9e84c5641a683e, type: 3}
      propertyPath: m_LocalRotation.z
      value: 0.0000001490116
      objectReference: {fileID: 0}
    - target: {fileID: 400074, guid: 08904344fbbb0e241a9e84c5641a683e, type: 3}
      propertyPath: m_LocalRotation.w
      value: 0.9978621
      objectReference: {fileID: 0}
    - target: {fileID: 400074, guid: 08904344fbbb0e241a9e84c5641a683e, type: 3}
      propertyPath: m_LocalPosition.x
      value: 1.1191389e-12
      objectReference: {fileID: 0}
    - target: {fileID: 400074, guid: 08904344fbbb0e241a9e84c5641a683e, type: 3}
      propertyPath: m_LocalPosition.z
      value: 2.5465852e-11
      objectReference: {fileID: 0}
    - target: {fileID: 400048, guid: 08904344fbbb0e241a9e84c5641a683e, type: 3}
      propertyPath: m_LocalRotation.x
      value: 0.03206619
      objectReference: {fileID: 0}
    - target: {fileID: 400048, guid: 08904344fbbb0e241a9e84c5641a683e, type: 3}
      propertyPath: m_LocalRotation.y
      value: -0.011712012
      objectReference: {fileID: 0}
    - target: {fileID: 400048, guid: 08904344fbbb0e241a9e84c5641a683e, type: 3}
      propertyPath: m_LocalRotation.z
      value: -0.022793466
      objectReference: {fileID: 0}
    - target: {fileID: 400048, guid: 08904344fbbb0e241a9e84c5641a683e, type: 3}
      propertyPath: m_LocalRotation.w
      value: 0.9991572
      objectReference: {fileID: 0}
    - target: {fileID: 400048, guid: 08904344fbbb0e241a9e84c5641a683e, type: 3}
      propertyPath: m_LocalPosition.x
      value: -0.0005082567
      objectReference: {fileID: 0}
    - target: {fileID: 400048, guid: 08904344fbbb0e241a9e84c5641a683e, type: 3}
      propertyPath: m_LocalPosition.z
      value: -0.00010819028
      objectReference: {fileID: 0}
    - target: {fileID: 400130, guid: 08904344fbbb0e241a9e84c5641a683e, type: 3}
      propertyPath: m_LocalRotation.x
      value: -0
      objectReference: {fileID: 0}
    - target: {fileID: 400130, guid: 08904344fbbb0e241a9e84c5641a683e, type: 3}
      propertyPath: m_LocalRotation.y
      value: -0
      objectReference: {fileID: 0}
    - target: {fileID: 400130, guid: 08904344fbbb0e241a9e84c5641a683e, type: 3}
      propertyPath: m_LocalRotation.z
      value: -0
      objectReference: {fileID: 0}
    - target: {fileID: 400130, guid: 08904344fbbb0e241a9e84c5641a683e, type: 3}
      propertyPath: m_LocalRotation.w
      value: 1
      objectReference: {fileID: 0}
    - target: {fileID: 400130, guid: 08904344fbbb0e241a9e84c5641a683e, type: 3}
      propertyPath: m_LocalPosition.x
      value: -2.5899793e-13
      objectReference: {fileID: 0}
    - target: {fileID: 400130, guid: 08904344fbbb0e241a9e84c5641a683e, type: 3}
      propertyPath: m_LocalPosition.y
      value: 0.0023225383
      objectReference: {fileID: 0}
    - target: {fileID: 400130, guid: 08904344fbbb0e241a9e84c5641a683e, type: 3}
      propertyPath: m_LocalPosition.z
      value: -3.637979e-12
      objectReference: {fileID: 0}
    - target: {fileID: 400116, guid: 08904344fbbb0e241a9e84c5641a683e, type: 3}
      propertyPath: m_LocalRotation.x
      value: -0.16724743
      objectReference: {fileID: 0}
    - target: {fileID: 400116, guid: 08904344fbbb0e241a9e84c5641a683e, type: 3}
      propertyPath: m_LocalRotation.y
      value: 0.014143943
      objectReference: {fileID: 0}
    - target: {fileID: 400116, guid: 08904344fbbb0e241a9e84c5641a683e, type: 3}
      propertyPath: m_LocalRotation.z
      value: -0.021909274
      objectReference: {fileID: 0}
    - target: {fileID: 400116, guid: 08904344fbbb0e241a9e84c5641a683e, type: 3}
      propertyPath: m_LocalRotation.w
      value: 0.9855701
      objectReference: {fileID: 0}
    - target: {fileID: 400116, guid: 08904344fbbb0e241a9e84c5641a683e, type: 3}
      propertyPath: m_LocalPosition.x
      value: 3.3277762e-11
      objectReference: {fileID: 0}
    - target: {fileID: 400116, guid: 08904344fbbb0e241a9e84c5641a683e, type: 3}
      propertyPath: m_LocalPosition.y
      value: 0.009157089
      objectReference: {fileID: 0}
    - target: {fileID: 400116, guid: 08904344fbbb0e241a9e84c5641a683e, type: 3}
      propertyPath: m_LocalPosition.z
      value: -9.983331e-11
      objectReference: {fileID: 0}
    - target: {fileID: 400050, guid: 08904344fbbb0e241a9e84c5641a683e, type: 3}
      propertyPath: m_LocalRotation.x
      value: 0.037320584
      objectReference: {fileID: 0}
    - target: {fileID: 400050, guid: 08904344fbbb0e241a9e84c5641a683e, type: 3}
      propertyPath: m_LocalRotation.y
      value: 0.007570182
      objectReference: {fileID: 0}
    - target: {fileID: 400050, guid: 08904344fbbb0e241a9e84c5641a683e, type: 3}
      propertyPath: m_LocalRotation.z
      value: 0.008197588
      objectReference: {fileID: 0}
    - target: {fileID: 400050, guid: 08904344fbbb0e241a9e84c5641a683e, type: 3}
      propertyPath: m_LocalRotation.w
      value: 0.9992411
      objectReference: {fileID: 0}
    - target: {fileID: 400050, guid: 08904344fbbb0e241a9e84c5641a683e, type: 3}
      propertyPath: m_LocalPosition.x
      value: -0.0000053121666
      objectReference: {fileID: 0}
    - target: {fileID: 400050, guid: 08904344fbbb0e241a9e84c5641a683e, type: 3}
      propertyPath: m_LocalPosition.y
      value: 0.00058880413
      objectReference: {fileID: 0}
    - target: {fileID: 400050, guid: 08904344fbbb0e241a9e84c5641a683e, type: 3}
      propertyPath: m_LocalPosition.z
      value: -4.0745093e-10
      objectReference: {fileID: 0}
    - target: {fileID: 400110, guid: 08904344fbbb0e241a9e84c5641a683e, type: 3}
      propertyPath: m_LocalRotation.x
      value: -0.030193275
      objectReference: {fileID: 0}
    - target: {fileID: 400110, guid: 08904344fbbb0e241a9e84c5641a683e, type: 3}
      propertyPath: m_LocalRotation.y
      value: 0.037570834
      objectReference: {fileID: 0}
    - target: {fileID: 400110, guid: 08904344fbbb0e241a9e84c5641a683e, type: 3}
      propertyPath: m_LocalRotation.z
      value: -0.028875208
      objectReference: {fileID: 0}
    - target: {fileID: 400110, guid: 08904344fbbb0e241a9e84c5641a683e, type: 3}
      propertyPath: m_LocalRotation.w
      value: -0.99842024
      objectReference: {fileID: 0}
    - target: {fileID: 400110, guid: 08904344fbbb0e241a9e84c5641a683e, type: 3}
      propertyPath: m_LocalPosition.x
      value: -0.000103138984
      objectReference: {fileID: 0}
    - target: {fileID: 400110, guid: 08904344fbbb0e241a9e84c5641a683e, type: 3}
      propertyPath: m_LocalPosition.y
      value: 0.0006732682
      objectReference: {fileID: 0}
    - target: {fileID: 400110, guid: 08904344fbbb0e241a9e84c5641a683e, type: 3}
      propertyPath: m_LocalPosition.z
      value: -2.9103662e-11
      objectReference: {fileID: 0}
    - target: {fileID: 400066, guid: 08904344fbbb0e241a9e84c5641a683e, type: 3}
      propertyPath: m_LocalRotation.x
      value: 0.6031403
      objectReference: {fileID: 0}
    - target: {fileID: 400066, guid: 08904344fbbb0e241a9e84c5641a683e, type: 3}
      propertyPath: m_LocalRotation.y
      value: -0.3669987
      objectReference: {fileID: 0}
    - target: {fileID: 400066, guid: 08904344fbbb0e241a9e84c5641a683e, type: 3}
      propertyPath: m_LocalRotation.z
      value: 0.60620975
      objectReference: {fileID: 0}
    - target: {fileID: 400066, guid: 08904344fbbb0e241a9e84c5641a683e, type: 3}
      propertyPath: m_LocalRotation.w
      value: 0.36611944
      objectReference: {fileID: 0}
    - target: {fileID: 400066, guid: 08904344fbbb0e241a9e84c5641a683e, type: 3}
      propertyPath: m_LocalPosition.y
      value: 0.0022992846
      objectReference: {fileID: 0}
    - target: {fileID: 400066, guid: 08904344fbbb0e241a9e84c5641a683e, type: 3}
      propertyPath: m_LocalPosition.z
      value: -0.0000071062896
      objectReference: {fileID: 0}
    - target: {fileID: 400094, guid: 08904344fbbb0e241a9e84c5641a683e, type: 3}
      propertyPath: m_LocalRotation.x
      value: -0.040383074
      objectReference: {fileID: 0}
    - target: {fileID: 400094, guid: 08904344fbbb0e241a9e84c5641a683e, type: 3}
      propertyPath: m_LocalRotation.y
      value: 0.0043627014
      objectReference: {fileID: 0}
    - target: {fileID: 400094, guid: 08904344fbbb0e241a9e84c5641a683e, type: 3}
      propertyPath: m_LocalRotation.z
      value: 0.0032817565
      objectReference: {fileID: 0}
    - target: {fileID: 400094, guid: 08904344fbbb0e241a9e84c5641a683e, type: 3}
      propertyPath: m_LocalRotation.w
      value: -0.99916935
      objectReference: {fileID: 0}
    - target: {fileID: 400094, guid: 08904344fbbb0e241a9e84c5641a683e, type: 3}
      propertyPath: m_LocalPosition.x
      value: 0.000003948391
      objectReference: {fileID: 0}
    - target: {fileID: 400094, guid: 08904344fbbb0e241a9e84c5641a683e, type: 3}
      propertyPath: m_LocalPosition.y
      value: 0.00074295496
      objectReference: {fileID: 0}
    - target: {fileID: 400094, guid: 08904344fbbb0e241a9e84c5641a683e, type: 3}
      propertyPath: m_LocalPosition.z
      value: -6.3300404e-10
      objectReference: {fileID: 0}
    - target: {fileID: 400056, guid: 08904344fbbb0e241a9e84c5641a683e, type: 3}
      propertyPath: m_LocalRotation.x
      value: 0.10641319
      objectReference: {fileID: 0}
    - target: {fileID: 400056, guid: 08904344fbbb0e241a9e84c5641a683e, type: 3}
      propertyPath: m_LocalRotation.y
      value: 0.052617613
      objectReference: {fileID: 0}
    - target: {fileID: 400056, guid: 08904344fbbb0e241a9e84c5641a683e, type: 3}
      propertyPath: m_LocalRotation.z
      value: -0.24688095
      objectReference: {fileID: 0}
    - target: {fileID: 400056, guid: 08904344fbbb0e241a9e84c5641a683e, type: 3}
      propertyPath: m_LocalRotation.w
      value: 0.9617471
      objectReference: {fileID: 0}
    - target: {fileID: 400056, guid: 08904344fbbb0e241a9e84c5641a683e, type: 3}
      propertyPath: m_LocalPosition.x
      value: 0.00036017055
      objectReference: {fileID: 0}
    - target: {fileID: 400056, guid: 08904344fbbb0e241a9e84c5641a683e, type: 3}
      propertyPath: m_LocalPosition.y
      value: 0.00071878824
      objectReference: {fileID: 0}
    - target: {fileID: 400056, guid: 08904344fbbb0e241a9e84c5641a683e, type: 3}
      propertyPath: m_LocalPosition.z
      value: 0.0001953068
      objectReference: {fileID: 0}
    - target: {fileID: 400026, guid: 08904344fbbb0e241a9e84c5641a683e, type: 3}
      propertyPath: m_LocalRotation.x
      value: 0.51364064
      objectReference: {fileID: 0}
    - target: {fileID: 400026, guid: 08904344fbbb0e241a9e84c5641a683e, type: 3}
      propertyPath: m_LocalRotation.y
      value: 0.08713841
      objectReference: {fileID: 0}
    - target: {fileID: 400026, guid: 08904344fbbb0e241a9e84c5641a683e, type: 3}
      propertyPath: m_LocalRotation.z
      value: -0.060210004
      objectReference: {fileID: 0}
    - target: {fileID: 400026, guid: 08904344fbbb0e241a9e84c5641a683e, type: 3}
      propertyPath: m_LocalRotation.w
      value: 0.8514429
      objectReference: {fileID: 0}
    - target: {fileID: 400026, guid: 08904344fbbb0e241a9e84c5641a683e, type: 3}
      propertyPath: m_LocalPosition.x
      value: -1.1765537e-10
      objectReference: {fileID: 0}
    - target: {fileID: 400026, guid: 08904344fbbb0e241a9e84c5641a683e, type: 3}
      propertyPath: m_LocalPosition.y
      value: 0.009204778
      objectReference: {fileID: 0}
    - target: {fileID: 400026, guid: 08904344fbbb0e241a9e84c5641a683e, type: 3}
      propertyPath: m_LocalPosition.z
      value: 5.882766e-11
      objectReference: {fileID: 0}
    - target: {fileID: 400042, guid: 08904344fbbb0e241a9e84c5641a683e, type: 3}
      propertyPath: m_LocalRotation.x
      value: 0.03969427
      objectReference: {fileID: 0}
    - target: {fileID: 400042, guid: 08904344fbbb0e241a9e84c5641a683e, type: 3}
      propertyPath: m_LocalRotation.y
      value: 0.002478666
      objectReference: {fileID: 0}
    - target: {fileID: 400042, guid: 08904344fbbb0e241a9e84c5641a683e, type: 3}
      propertyPath: m_LocalRotation.z
      value: 0.0019687708
      objectReference: {fileID: 0}
    - target: {fileID: 400042, guid: 08904344fbbb0e241a9e84c5641a683e, type: 3}
      propertyPath: m_LocalRotation.w
      value: 0.9992069
      objectReference: {fileID: 0}
    - target: {fileID: 400042, guid: 08904344fbbb0e241a9e84c5641a683e, type: 3}
      propertyPath: m_LocalPosition.x
      value: -0.0000023689804
      objectReference: {fileID: 0}
    - target: {fileID: 400042, guid: 08904344fbbb0e241a9e84c5641a683e, type: 3}
      propertyPath: m_LocalPosition.y
      value: 0.0007551431
      objectReference: {fileID: 0}
    - target: {fileID: 400042, guid: 08904344fbbb0e241a9e84c5641a683e, type: 3}
      propertyPath: m_LocalPosition.z
      value: 6.8393524e-10
      objectReference: {fileID: 0}
    - target: {fileID: 400080, guid: 08904344fbbb0e241a9e84c5641a683e, type: 3}
      propertyPath: m_LocalRotation.x
      value: 0.031014096
      objectReference: {fileID: 0}
    - target: {fileID: 400080, guid: 08904344fbbb0e241a9e84c5641a683e, type: 3}
      propertyPath: m_LocalRotation.y
      value: -0.035554036
      objectReference: {fileID: 0}
    - target: {fileID: 400080, guid: 08904344fbbb0e241a9e84c5641a683e, type: 3}
      propertyPath: m_LocalRotation.z
      value: -0.108470984
      objectReference: {fileID: 0}
    - target: {fileID: 400080, guid: 08904344fbbb0e241a9e84c5641a683e, type: 3}
      propertyPath: m_LocalRotation.w
      value: -0.9929794
      objectReference: {fileID: 0}
    - target: {fileID: 400080, guid: 08904344fbbb0e241a9e84c5641a683e, type: 3}
      propertyPath: m_LocalPosition.x
      value: -3.7834852e-10
      objectReference: {fileID: 0}
    - target: {fileID: 400080, guid: 08904344fbbb0e241a9e84c5641a683e, type: 3}
      propertyPath: m_LocalPosition.y
      value: 0.005526429
      objectReference: {fileID: 0}
    - target: {fileID: 400080, guid: 08904344fbbb0e241a9e84c5641a683e, type: 3}
      propertyPath: m_LocalPosition.z
      value: -3.4924474e-10
      objectReference: {fileID: 0}
    - target: {fileID: 400018, guid: 08904344fbbb0e241a9e84c5641a683e, type: 3}
      propertyPath: m_LocalRotation.x
      value: 0.048343122
      objectReference: {fileID: 0}
    - target: {fileID: 400018, guid: 08904344fbbb0e241a9e84c5641a683e, type: 3}
      propertyPath: m_LocalRotation.y
      value: 0.00000011920929
      objectReference: {fileID: 0}
    - target: {fileID: 400018, guid: 08904344fbbb0e241a9e84c5641a683e, type: 3}
      propertyPath: m_LocalRotation.z
      value: -0.000000059604645
      objectReference: {fileID: 0}
    - target: {fileID: 400018, guid: 08904344fbbb0e241a9e84c5641a683e, type: 3}
      propertyPath: m_LocalRotation.w
      value: 0.9988308
      objectReference: {fileID: 0}
    - target: {fileID: 400018, guid: 08904344fbbb0e241a9e84c5641a683e, type: 3}
      propertyPath: m_LocalPosition.x
      value: -1.1631312e-12
      objectReference: {fileID: 0}
    - target: {fileID: 400018, guid: 08904344fbbb0e241a9e84c5641a683e, type: 3}
      propertyPath: m_LocalPosition.y
      value: 0.0015117353
      objectReference: {fileID: 0}
    - target: {fileID: 400128, guid: 08904344fbbb0e241a9e84c5641a683e, type: 3}
      propertyPath: m_LocalRotation.x
      value: -0
      objectReference: {fileID: 0}
    - target: {fileID: 400128, guid: 08904344fbbb0e241a9e84c5641a683e, type: 3}
      propertyPath: m_LocalRotation.y
      value: -0
      objectReference: {fileID: 0}
    - target: {fileID: 400128, guid: 08904344fbbb0e241a9e84c5641a683e, type: 3}
      propertyPath: m_LocalRotation.z
      value: -0
      objectReference: {fileID: 0}
    - target: {fileID: 400128, guid: 08904344fbbb0e241a9e84c5641a683e, type: 3}
      propertyPath: m_LocalRotation.w
      value: 1
      objectReference: {fileID: 0}
    - target: {fileID: 400128, guid: 08904344fbbb0e241a9e84c5641a683e, type: 3}
      propertyPath: m_LocalPosition.x
      value: 1.0352309e-12
      objectReference: {fileID: 0}
    - target: {fileID: 400128, guid: 08904344fbbb0e241a9e84c5641a683e, type: 3}
      propertyPath: m_LocalPosition.y
      value: 0.002032225
      objectReference: {fileID: 0}
    - target: {fileID: 400128, guid: 08904344fbbb0e241a9e84c5641a683e, type: 3}
      propertyPath: m_LocalPosition.z
      value: 0
      objectReference: {fileID: 0}
    - target: {fileID: 400112, guid: 08904344fbbb0e241a9e84c5641a683e, type: 3}
      propertyPath: m_LocalRotation.x
      value: 0.015620548
      objectReference: {fileID: 0}
    - target: {fileID: 400112, guid: 08904344fbbb0e241a9e84c5641a683e, type: 3}
      propertyPath: m_LocalRotation.y
      value: 0.034164775
      objectReference: {fileID: 0}
    - target: {fileID: 400112, guid: 08904344fbbb0e241a9e84c5641a683e, type: 3}
      propertyPath: m_LocalRotation.z
      value: -0.091222554
      objectReference: {fileID: 0}
    - target: {fileID: 400112, guid: 08904344fbbb0e241a9e84c5641a683e, type: 3}
      propertyPath: m_LocalRotation.w
      value: -0.9951217
      objectReference: {fileID: 0}
    - target: {fileID: 400112, guid: 08904344fbbb0e241a9e84c5641a683e, type: 3}
      propertyPath: m_LocalPosition.x
      value: -0.00004557171
      objectReference: {fileID: 0}
    - target: {fileID: 400112, guid: 08904344fbbb0e241a9e84c5641a683e, type: 3}
      propertyPath: m_LocalPosition.y
      value: 0.00080239587
      objectReference: {fileID: 0}
    - target: {fileID: 400112, guid: 08904344fbbb0e241a9e84c5641a683e, type: 3}
      propertyPath: m_LocalPosition.z
      value: 4.9476173e-10
      objectReference: {fileID: 0}
    - target: {fileID: 400040, guid: 08904344fbbb0e241a9e84c5641a683e, type: 3}
      propertyPath: m_LocalRotation.x
      value: 0.033475727
      objectReference: {fileID: 0}
    - target: {fileID: 400040, guid: 08904344fbbb0e241a9e84c5641a683e, type: 3}
      propertyPath: m_LocalRotation.y
      value: -0.021871075
      objectReference: {fileID: 0}
    - target: {fileID: 400040, guid: 08904344fbbb0e241a9e84c5641a683e, type: 3}
      propertyPath: m_LocalRotation.z
      value: -0.015768781
      objectReference: {fileID: 0}
    - target: {fileID: 400040, guid: 08904344fbbb0e241a9e84c5641a683e, type: 3}
      propertyPath: m_LocalRotation.w
      value: 0.99907583
      objectReference: {fileID: 0}
    - target: {fileID: 400040, guid: 08904344fbbb0e241a9e84c5641a683e, type: 3}
      propertyPath: m_LocalPosition.x
      value: -0.0000014649955
      objectReference: {fileID: 0}
    - target: {fileID: 400040, guid: 08904344fbbb0e241a9e84c5641a683e, type: 3}
      propertyPath: m_LocalPosition.y
      value: 0.0020908066
      objectReference: {fileID: 0}
    - target: {fileID: 400040, guid: 08904344fbbb0e241a9e84c5641a683e, type: 3}
      propertyPath: m_LocalPosition.z
      value: -0.00015249943
      objectReference: {fileID: 0}
    - target: {fileID: 400072, guid: 08904344fbbb0e241a9e84c5641a683e, type: 3}
      propertyPath: m_LocalRotation.x
      value: -0.008895815
      objectReference: {fileID: 0}
    - target: {fileID: 400072, guid: 08904344fbbb0e241a9e84c5641a683e, type: 3}
      propertyPath: m_LocalRotation.y
      value: 0.06439698
      objectReference: {fileID: 0}
    - target: {fileID: 400072, guid: 08904344fbbb0e241a9e84c5641a683e, type: 3}
      propertyPath: m_LocalRotation.z
      value: 0.9977772
      objectReference: {fileID: 0}
    - target: {fileID: 400072, guid: 08904344fbbb0e241a9e84c5641a683e, type: 3}
      propertyPath: m_LocalRotation.w
      value: 0.014648418
      objectReference: {fileID: 0}
    - target: {fileID: 400072, guid: 08904344fbbb0e241a9e84c5641a683e, type: 3}
      propertyPath: m_LocalPosition.y
      value: -0.0009687092
      objectReference: {fileID: 0}
    - target: {fileID: 400072, guid: 08904344fbbb0e241a9e84c5641a683e, type: 3}
      propertyPath: m_LocalPosition.z
      value: -0.00000044498555
      objectReference: {fileID: 0}
    - target: {fileID: 400052, guid: 08904344fbbb0e241a9e84c5641a683e, type: 3}
      propertyPath: m_LocalRotation.x
      value: -0.023815624
      objectReference: {fileID: 0}
    - target: {fileID: 400052, guid: 08904344fbbb0e241a9e84c5641a683e, type: 3}
      propertyPath: m_LocalRotation.y
      value: 0.0077105067
      objectReference: {fileID: 0}
    - target: {fileID: 400052, guid: 08904344fbbb0e241a9e84c5641a683e, type: 3}
      propertyPath: m_LocalRotation.z
      value: 0.0027393543
      objectReference: {fileID: 0}
    - target: {fileID: 400052, guid: 08904344fbbb0e241a9e84c5641a683e, type: 3}
      propertyPath: m_LocalRotation.w
      value: 0.9996829
      objectReference: {fileID: 0}
    - target: {fileID: 400052, guid: 08904344fbbb0e241a9e84c5641a683e, type: 3}
      propertyPath: m_LocalPosition.x
      value: 0.0000036038614
      objectReference: {fileID: 0}
    - target: {fileID: 400052, guid: 08904344fbbb0e241a9e84c5641a683e, type: 3}
      propertyPath: m_LocalPosition.y
      value: 0.00054789684
      objectReference: {fileID: 0}
    - target: {fileID: 400052, guid: 08904344fbbb0e241a9e84c5641a683e, type: 3}
      propertyPath: m_LocalPosition.z
      value: 2.3282905e-10
      objectReference: {fileID: 0}
    - target: {fileID: 400032, guid: 08904344fbbb0e241a9e84c5641a683e, type: 3}
      propertyPath: m_LocalRotation.x
      value: 0.033607136
      objectReference: {fileID: 0}
    - target: {fileID: 400032, guid: 08904344fbbb0e241a9e84c5641a683e, type: 3}
      propertyPath: m_LocalRotation.y
      value: -0.02345686
      objectReference: {fileID: 0}
    - target: {fileID: 400032, guid: 08904344fbbb0e241a9e84c5641a683e, type: 3}
      propertyPath: m_LocalRotation.z
      value: -0.014313934
      objectReference: {fileID: 0}
    - target: {fileID: 400032, guid: 08904344fbbb0e241a9e84c5641a683e, type: 3}
      propertyPath: m_LocalRotation.w
      value: 0.9990573
      objectReference: {fileID: 0}
    - target: {fileID: 400032, guid: 08904344fbbb0e241a9e84c5641a683e, type: 3}
      propertyPath: m_LocalPosition.x
      value: 0.0005097215
      objectReference: {fileID: 0}
    - target: {fileID: 400032, guid: 08904344fbbb0e241a9e84c5641a683e, type: 3}
      propertyPath: m_LocalPosition.y
      value: 0.0020394055
      objectReference: {fileID: 0}
    - target: {fileID: 400032, guid: 08904344fbbb0e241a9e84c5641a683e, type: 3}
      propertyPath: m_LocalPosition.z
      value: -0.00013734905
      objectReference: {fileID: 0}
    - target: {fileID: 400064, guid: 08904344fbbb0e241a9e84c5641a683e, type: 3}
      propertyPath: m_LocalRotation.x
      value: -0.16733217
      objectReference: {fileID: 0}
    - target: {fileID: 400064, guid: 08904344fbbb0e241a9e84c5641a683e, type: 3}
      propertyPath: m_LocalRotation.y
      value: -0.014117919
      objectReference: {fileID: 0}
    - target: {fileID: 400064, guid: 08904344fbbb0e241a9e84c5641a683e, type: 3}
      propertyPath: m_LocalRotation.z
      value: 0.02191934
      objectReference: {fileID: 0}
    - target: {fileID: 400064, guid: 08904344fbbb0e241a9e84c5641a683e, type: 3}
      propertyPath: m_LocalRotation.w
      value: 0.98555577
      objectReference: {fileID: 0}
    - target: {fileID: 400064, guid: 08904344fbbb0e241a9e84c5641a683e, type: 3}
      propertyPath: m_LocalPosition.x
      value: -1.6638886e-10
      objectReference: {fileID: 0}
    - target: {fileID: 400064, guid: 08904344fbbb0e241a9e84c5641a683e, type: 3}
      propertyPath: m_LocalPosition.y
      value: 0.009156998
      objectReference: {fileID: 0}
    - target: {fileID: 400064, guid: 08904344fbbb0e241a9e84c5641a683e, type: 3}
      propertyPath: m_LocalPosition.z
      value: -1.3311101e-10
      objectReference: {fileID: 0}
    - target: {fileID: 13700014, guid: 08904344fbbb0e241a9e84c5641a683e, type: 3}
      propertyPath: m_Materials.Array.data[0]
      value: 
      objectReference: {fileID: 2100000, guid: 0ca0bbbfc2a4e18429df7f2c0b36701d, type: 2}
    m_RemovedComponents: []
  m_ParentPrefab: {fileID: 100100000, guid: 08904344fbbb0e241a9e84c5641a683e, type: 3}
  m_IsPrefabParent: 0
--- !u!1 &696479858
GameObject:
  m_ObjectHideFlags: 3
  m_PrefabParentObject: {fileID: 0}
  m_PrefabInternal: {fileID: 0}
  serializedVersion: 5
  m_Component:
  - component: {fileID: 696479859}
  - component: {fileID: 696479862}
  - component: {fileID: 696479861}
  - component: {fileID: 696479860}
  m_Layer: 0
  m_Name: cm
  m_TagString: Untagged
  m_Icon: {fileID: 0}
  m_NavMeshLayer: 0
  m_StaticEditorFlags: 0
  m_IsActive: 1
--- !u!4 &696479859
Transform:
  m_ObjectHideFlags: 3
  m_PrefabParentObject: {fileID: 0}
  m_PrefabInternal: {fileID: 0}
  m_GameObject: {fileID: 696479858}
  m_LocalRotation: {x: -0, y: -0, z: -0, w: 1}
  m_LocalPosition: {x: 0, y: 0, z: 0}
  m_LocalScale: {x: 1, y: 1, z: 1}
  m_Children: []
  m_Father: {fileID: 1663245645}
  m_RootOrder: 0
  m_LocalEulerAnglesHint: {x: 0, y: 0, z: 0}
--- !u!114 &696479860
MonoBehaviour:
  m_ObjectHideFlags: 3
  m_PrefabParentObject: {fileID: 0}
  m_PrefabInternal: {fileID: 0}
  m_GameObject: {fileID: 696479858}
  m_Enabled: 1
  m_EditorHideFlags: 0
  m_Script: {fileID: 11500000, guid: 418e42c7d0405cc48a7b83f63ea53bb3, type: 3}
  m_Name: 
  m_EditorClassIdentifier: 
  m_Path: {fileID: 647822318}
  m_PathPosition: 0.6530878
  m_PositionUnits: 0
  m_PathOffset: {x: 4.182652, y: 0.5728303, z: 4.0991383}
  m_XDamping: 1
  m_YDamping: 1
  m_ZDamping: 1
  m_CameraUp: 0
  m_PitchDamping: 0
  m_YawDamping: 0
  m_RollDamping: 0
  m_AutoDolly:
    m_Enabled: 1
    m_PositionOffset: 0
    m_SearchRadius: 2
    m_SearchResolution: 5
--- !u!114 &696479861
MonoBehaviour:
  m_ObjectHideFlags: 3
  m_PrefabParentObject: {fileID: 0}
  m_PrefabInternal: {fileID: 0}
  m_GameObject: {fileID: 696479858}
  m_Enabled: 1
  m_EditorHideFlags: 0
  m_Script: {fileID: 11500000, guid: f4044717213e31446939f7bd49c896ea, type: 3}
  m_Name: 
  m_EditorClassIdentifier: 
  m_TrackedObjectOffset: {x: -0.58, y: 0.74, z: 0}
  m_LookaheadTime: 0
  m_LookaheadSmoothing: 10
  m_HorizontalDamping: 9.3
  m_VerticalDamping: 9.3
  m_ScreenX: 0.492
  m_ScreenY: 0.5
  m_DeadZoneWidth: 0.488
  m_DeadZoneHeight: 0.504
  m_SoftZoneWidth: 0.8
  m_SoftZoneHeight: 0.8
  m_BiasX: 0
  m_BiasY: 0
--- !u!114 &696479862
MonoBehaviour:
  m_ObjectHideFlags: 3
  m_PrefabParentObject: {fileID: 0}
  m_PrefabInternal: {fileID: 0}
  m_GameObject: {fileID: 696479858}
  m_Enabled: 1
  m_EditorHideFlags: 0
  m_Script: {fileID: 11500000, guid: ac0b09e7857660247b1477e93731de29, type: 3}
  m_Name: 
  m_EditorClassIdentifier: 
--- !u!1 &709537359
GameObject:
  m_ObjectHideFlags: 3
  m_PrefabParentObject: {fileID: 0}
  m_PrefabInternal: {fileID: 0}
  serializedVersion: 5
  m_Component:
  - component: {fileID: 709537360}
  - component: {fileID: 709537363}
  - component: {fileID: 709537362}
  - component: {fileID: 709537361}
  m_Layer: 0
  m_Name: cm
  m_TagString: Untagged
  m_Icon: {fileID: 0}
  m_NavMeshLayer: 0
  m_StaticEditorFlags: 0
  m_IsActive: 1
--- !u!4 &709537360
Transform:
  m_ObjectHideFlags: 3
  m_PrefabParentObject: {fileID: 0}
  m_PrefabInternal: {fileID: 0}
  m_GameObject: {fileID: 709537359}
  m_LocalRotation: {x: -0, y: -0, z: -0, w: 1}
  m_LocalPosition: {x: 0, y: 0, z: 0}
  m_LocalScale: {x: 1, y: 1, z: 1}
  m_Children: []
  m_Father: {fileID: 2059624791}
  m_RootOrder: 0
  m_LocalEulerAnglesHint: {x: 0, y: 0, z: 0}
--- !u!114 &709537361
MonoBehaviour:
  m_ObjectHideFlags: 3
  m_PrefabParentObject: {fileID: 0}
  m_PrefabInternal: {fileID: 0}
  m_GameObject: {fileID: 709537359}
  m_Enabled: 1
  m_EditorHideFlags: 0
  m_Script: {fileID: 11500000, guid: fa7155796051b734daa718462081dc5f, type: 3}
  m_Name: 
  m_EditorClassIdentifier: 
  m_BindingMode: 1
  m_FollowOffset: {x: 252.96881, y: 3.8079834, z: 191}
  m_XDamping: 1
  m_YDamping: 1
  m_ZDamping: 1
  m_PitchDamping: 0
  m_YawDamping: 0
  m_RollDamping: 0
--- !u!114 &709537362
MonoBehaviour:
  m_ObjectHideFlags: 3
  m_PrefabParentObject: {fileID: 0}
  m_PrefabInternal: {fileID: 0}
  m_GameObject: {fileID: 709537359}
  m_Enabled: 1
  m_EditorHideFlags: 0
  m_Script: {fileID: 11500000, guid: f4044717213e31446939f7bd49c896ea, type: 3}
  m_Name: 
  m_EditorClassIdentifier: 
  m_TrackedObjectOffset: {x: 0, y: 0.66, z: 0}
  m_LookaheadTime: 0
  m_LookaheadSmoothing: 10
  m_HorizontalDamping: 0.5
  m_VerticalDamping: 0.5
  m_ScreenX: 0.5
  m_ScreenY: 0.66
  m_DeadZoneWidth: 0.456
  m_DeadZoneHeight: 0.48
  m_SoftZoneWidth: 0.8
  m_SoftZoneHeight: 0.8
  m_BiasX: 0
  m_BiasY: 0
--- !u!114 &709537363
MonoBehaviour:
  m_ObjectHideFlags: 3
  m_PrefabParentObject: {fileID: 0}
  m_PrefabInternal: {fileID: 0}
  m_GameObject: {fileID: 709537359}
  m_Enabled: 1
  m_EditorHideFlags: 0
  m_Script: {fileID: 11500000, guid: ac0b09e7857660247b1477e93731de29, type: 3}
  m_Name: 
  m_EditorClassIdentifier: 
--- !u!1 &786235090
GameObject:
  m_ObjectHideFlags: 0
  m_PrefabParentObject: {fileID: 0}
  m_PrefabInternal: {fileID: 0}
  serializedVersion: 5
  m_Component:
  - component: {fileID: 786235094}
  - component: {fileID: 786235093}
  - component: {fileID: 786235092}
  - component: {fileID: 786235091}
  - component: {fileID: 786235095}
  m_Layer: 0
  m_Name: Main Camera
  m_TagString: MainCamera
  m_Icon: {fileID: 0}
  m_NavMeshLayer: 0
  m_StaticEditorFlags: 0
  m_IsActive: 1
--- !u!81 &786235091
AudioListener:
  m_ObjectHideFlags: 0
  m_PrefabParentObject: {fileID: 0}
  m_PrefabInternal: {fileID: 0}
  m_GameObject: {fileID: 786235090}
  m_Enabled: 1
--- !u!124 &786235092
Behaviour:
  m_ObjectHideFlags: 0
  m_PrefabParentObject: {fileID: 0}
  m_PrefabInternal: {fileID: 0}
  m_GameObject: {fileID: 786235090}
  m_Enabled: 1
--- !u!20 &786235093
Camera:
  m_ObjectHideFlags: 0
  m_PrefabParentObject: {fileID: 0}
  m_PrefabInternal: {fileID: 0}
  m_GameObject: {fileID: 786235090}
  m_Enabled: 1
  serializedVersion: 2
  m_ClearFlags: 1
  m_BackGroundColor: {r: 0.19215687, g: 0.3019608, b: 0.4745098, a: 0}
  m_NormalizedViewPortRect:
    serializedVersion: 2
    x: 0
    y: 0
    width: 1
    height: 1
  near clip plane: 0.1
  far clip plane: 5000
  field of view: 32
  orthographic: 0
  orthographic size: 10
  m_Depth: -1
  m_CullingMask:
    serializedVersion: 2
    m_Bits: 4294967295
  m_RenderingPath: -1
  m_TargetTexture: {fileID: 0}
  m_TargetDisplay: 0
  m_TargetEye: 3
  m_HDR: 1
  m_AllowMSAA: 1
  m_AllowDynamicResolution: 0
  m_ForceIntoRT: 0
  m_OcclusionCulling: 1
  m_StereoConvergence: 10
  m_StereoSeparation: 0.022
--- !u!4 &786235094
Transform:
  m_ObjectHideFlags: 0
  m_PrefabParentObject: {fileID: 0}
  m_PrefabInternal: {fileID: 0}
  m_GameObject: {fileID: 786235090}
  m_LocalRotation: {x: -0.027418023, y: -0.71407944, z: -0.028010882, w: 0.69896656}
  m_LocalPosition: {x: -879.2312, y: 4.8479614, z: 199}
  m_LocalScale: {x: 1, y: 1, z: 1}
  m_Children: []
  m_Father: {fileID: 0}
  m_RootOrder: 0
  m_LocalEulerAnglesHint: {x: 0, y: 0, z: 0}
--- !u!114 &786235095
MonoBehaviour:
  m_ObjectHideFlags: 0
  m_PrefabParentObject: {fileID: 0}
  m_PrefabInternal: {fileID: 0}
  m_GameObject: {fileID: 786235090}
  m_Enabled: 1
  m_EditorHideFlags: 0
  m_Script: {fileID: 11500000, guid: 72ece51f2901e7445ab60da3685d6b5f, type: 3}
  m_Name: 
  m_EditorClassIdentifier: 
  m_ShowDebugText: 0
  m_ShowCameraFrustum: 1
  m_IgnoreTimeScale: 0
  m_WorldUpOverride: {fileID: 0}
  m_UpdateMethod: 2
  m_DefaultBlend:
    m_Style: 1
    m_Time: 2
  m_CustomBlends: {fileID: 0}
  m_CameraCutEvent:
    m_PersistentCalls:
      m_Calls: []
    m_TypeName: Cinemachine.CinemachineBrain+BrainEvent, Assembly-CSharp, Version=0.0.0.0,
      Culture=neutral, PublicKeyToken=null
  m_CameraActivatedEvent:
    m_PersistentCalls:
      m_Calls: []
    m_TypeName: Cinemachine.CinemachineBrain+VcamEvent, Assembly-CSharp, Version=0.0.0.0,
      Culture=neutral, PublicKeyToken=null
--- !u!1 &836469791
GameObject:
  m_ObjectHideFlags: 0
  m_PrefabParentObject: {fileID: 0}
  m_PrefabInternal: {fileID: 0}
  serializedVersion: 5
  m_Component:
  - component: {fileID: 836469794}
  - component: {fileID: 836469793}
  - component: {fileID: 836469792}
  m_Layer: 0
  m_Name: GameObject
  m_TagString: Untagged
  m_Icon: {fileID: 0}
  m_NavMeshLayer: 0
  m_StaticEditorFlags: 0
  m_IsActive: 1
--- !u!95 &836469792
Animator:
  serializedVersion: 3
  m_ObjectHideFlags: 0
  m_PrefabParentObject: {fileID: 0}
  m_PrefabInternal: {fileID: 0}
  m_GameObject: {fileID: 836469791}
  m_Enabled: 1
  m_Avatar: {fileID: 0}
  m_Controller: {fileID: 0}
  m_CullingMode: 0
  m_UpdateMode: 0
  m_ApplyRootMotion: 1
  m_LinearVelocityBlending: 0
  m_WarningMessage: 
  m_HasTransformHierarchy: 1
  m_AllowConstantClipSamplingOptimization: 1
--- !u!320 &836469793
PlayableDirector:
  m_ObjectHideFlags: 0
  m_PrefabParentObject: {fileID: 0}
  m_PrefabInternal: {fileID: 0}
  m_GameObject: {fileID: 836469791}
  m_Enabled: 1
  serializedVersion: 3
  m_PlayableAsset: {fileID: 11400000, guid: 611a5d0673d9e7b488b5d9a4832ee69b, type: 2}
  m_InitialState: 0
  m_WrapMode: 2
  m_DirectorUpdateMode: 1
  m_InitialTime: 0
  m_SceneBindings:
  - key: {fileID: 0}
    value: {fileID: 836469791}
  - key: {fileID: 114602610477599396, guid: 611a5d0673d9e7b488b5d9a4832ee69b, type: 2}
    value: {fileID: 786235095}
  - key: {fileID: 0}
    value: {fileID: 1317402917}
  - key: {fileID: 0}
    value: {fileID: 1257049909}
  - key: {fileID: 114265423252841754, guid: 611a5d0673d9e7b488b5d9a4832ee69b, type: 2}
    value: {fileID: 1257049909}
  - key: {fileID: 0}
    value: {fileID: 0}
  - key: {fileID: 114543585194756280, guid: 611a5d0673d9e7b488b5d9a4832ee69b, type: 2}
    value: {fileID: 1719699270}
  - key: {fileID: 0}
    value: {fileID: 0}
  - key: {fileID: 114970006401728928, guid: 611a5d0673d9e7b488b5d9a4832ee69b, type: 2}
    value: {fileID: 0}
  - key: {fileID: 0}
    value: {fileID: 638227859}
  - key: {fileID: 114030521465530612, guid: 611a5d0673d9e7b488b5d9a4832ee69b, type: 2}
    value: {fileID: 1317402917}
  - key: {fileID: 114218759461550046, guid: 611a5d0673d9e7b488b5d9a4832ee69b, type: 2}
    value: {fileID: 638227859}
  m_ExposedReferences:
    m_References:
    - 60ecf163af9e9514ab2551b9ecd935a3: {fileID: 0}
    - 9f06ac374b8cd5041a781c85e2bad1c7: {fileID: 2059624790}
    - 2f5580636cf58ff4c9781103b63009f7: {fileID: 2004132611}
    - 67db9ab8938fb3247ae1541290ded42c: {fileID: 1257049910}
    - 0917edf2dce6f4646a471a88a36775be: {fileID: 1663245644}
    - f5795be0efac1d7418b878b59356bdc4: {fileID: 638227860}
--- !u!4 &836469794
Transform:
  m_ObjectHideFlags: 0
  m_PrefabParentObject: {fileID: 0}
  m_PrefabInternal: {fileID: 0}
  m_GameObject: {fileID: 836469791}
  m_LocalRotation: {x: 0, y: 0, z: 0, w: 1}
  m_LocalPosition: {x: -1148.6112, y: -822.21204, z: -1519.9989}
  m_LocalScale: {x: 1, y: 1, z: 1}
  m_Children:
  - {fileID: 1257049911}
  - {fileID: 1663245645}
  - {fileID: 638227861}
  - {fileID: 2004132612}
  - {fileID: 2059624791}
  - {fileID: 647822319}
  m_Father: {fileID: 0}
  m_RootOrder: 2
  m_LocalEulerAnglesHint: {x: 0, y: 0, z: 0}
--- !u!1 &1257049909
GameObject:
  m_ObjectHideFlags: 0
  m_PrefabParentObject: {fileID: 0}
  m_PrefabInternal: {fileID: 0}
  serializedVersion: 5
  m_Component:
  - component: {fileID: 1257049911}
  - component: {fileID: 1257049910}
  - component: {fileID: 1257049912}
  m_Layer: 0
  m_Name: CM vcam1
  m_TagString: Untagged
  m_Icon: {fileID: 0}
  m_NavMeshLayer: 0
  m_StaticEditorFlags: 0
  m_IsActive: 0
--- !u!114 &1257049910
MonoBehaviour:
  m_ObjectHideFlags: 0
  m_PrefabParentObject: {fileID: 0}
  m_PrefabInternal: {fileID: 0}
  m_GameObject: {fileID: 1257049909}
  m_Enabled: 1
  m_EditorHideFlags: 0
  m_Script: {fileID: 11500000, guid: 45e653bab7fb20e499bda25e1b646fea, type: 3}
  m_Name: 
  m_EditorClassIdentifier: 
  m_ExcludedPropertiesInInspector:
  - m_Script
  m_LockStageInInspector: 
  m_StreamingVersion: 20170927
  m_Priority: 10
  m_LookAt: {fileID: 1317402919}
  m_Follow: {fileID: 1317402919}
  m_Lens:
    FieldOfView: 51
    OrthographicSize: 10
    NearClipPlane: 0.1
    FarClipPlane: 5000
    Dutch: 0
  m_ComponentOwner: {fileID: 1608923687}
--- !u!4 &1257049911
Transform:
  m_ObjectHideFlags: 0
  m_PrefabParentObject: {fileID: 0}
  m_PrefabInternal: {fileID: 0}
  m_GameObject: {fileID: 1257049909}
  m_LocalRotation: {x: 0.0141991945, y: 0.10700564, z: -0.0015283255, w: 0.9941559}
  m_LocalPosition: {x: 276.7402, y: 827.44, z: 1714.4963}
  m_LocalScale: {x: 1, y: 1, z: 1}
  m_Children:
  - {fileID: 1608923687}
  m_Father: {fileID: 836469794}
  m_RootOrder: 0
  m_LocalEulerAnglesHint: {x: 0, y: 0, z: 0}
--- !u!95 &1257049912
Animator:
  serializedVersion: 3
  m_ObjectHideFlags: 0
  m_PrefabParentObject: {fileID: 0}
  m_PrefabInternal: {fileID: 0}
  m_GameObject: {fileID: 1257049909}
  m_Enabled: 1
  m_Avatar: {fileID: 0}
  m_Controller: {fileID: 0}
  m_CullingMode: 0
  m_UpdateMode: 0
  m_ApplyRootMotion: 1
  m_LinearVelocityBlending: 0
  m_WarningMessage: 
  m_HasTransformHierarchy: 1
  m_AllowConstantClipSamplingOptimization: 1
--- !u!1 &1317402917 stripped
GameObject:
  m_PrefabParentObject: {fileID: 100002, guid: 08904344fbbb0e241a9e84c5641a683e, type: 3}
  m_PrefabInternal: {fileID: 663871626}
--- !u!4 &1317402919 stripped
Transform:
  m_PrefabParentObject: {fileID: 400002, guid: 08904344fbbb0e241a9e84c5641a683e, type: 3}
  m_PrefabInternal: {fileID: 663871626}
--- !u!1 &1608923686
GameObject:
  m_ObjectHideFlags: 3
  m_PrefabParentObject: {fileID: 0}
  m_PrefabInternal: {fileID: 0}
  serializedVersion: 5
  m_Component:
  - component: {fileID: 1608923687}
  - component: {fileID: 1608923690}
  - component: {fileID: 1608923689}
  - component: {fileID: 1608923688}
  m_Layer: 0
  m_Name: cm
  m_TagString: Untagged
  m_Icon: {fileID: 0}
  m_NavMeshLayer: 0
  m_StaticEditorFlags: 0
  m_IsActive: 1
--- !u!4 &1608923687
Transform:
  m_ObjectHideFlags: 3
  m_PrefabParentObject: {fileID: 0}
  m_PrefabInternal: {fileID: 0}
  m_GameObject: {fileID: 1608923686}
  m_LocalRotation: {x: -0, y: -0, z: -0, w: 1}
  m_LocalPosition: {x: 0, y: 0, z: 0}
  m_LocalScale: {x: 1, y: 1, z: 1}
  m_Children: []
  m_Father: {fileID: 1257049911}
  m_RootOrder: 0
  m_LocalEulerAnglesHint: {x: 0, y: 0, z: 0}
--- !u!114 &1608923688
MonoBehaviour:
  m_ObjectHideFlags: 3
  m_PrefabParentObject: {fileID: 0}
  m_PrefabInternal: {fileID: 0}
  m_GameObject: {fileID: 1608923686}
  m_Enabled: 1
  m_EditorHideFlags: 0
  m_Script: {fileID: 11500000, guid: 418e42c7d0405cc48a7b83f63ea53bb3, type: 3}
  m_Name: 
  m_EditorClassIdentifier: 
  m_Path: {fileID: 647822318}
  m_PathPosition: 0
  m_PositionUnits: 0
  m_PathOffset: {x: 0, y: 0, z: 0}
  m_XDamping: 0
  m_YDamping: 0
  m_ZDamping: 1
  m_CameraUp: 0
  m_PitchDamping: 0
  m_YawDamping: 0
  m_RollDamping: 0
  m_AutoDolly:
    m_Enabled: 1
    m_PositionOffset: 0
    m_SearchRadius: 2
    m_SearchResolution: 5
--- !u!114 &1608923689
MonoBehaviour:
  m_ObjectHideFlags: 3
  m_PrefabParentObject: {fileID: 0}
  m_PrefabInternal: {fileID: 0}
  m_GameObject: {fileID: 1608923686}
  m_Enabled: 1
  m_EditorHideFlags: 0
  m_Script: {fileID: 11500000, guid: f4044717213e31446939f7bd49c896ea, type: 3}
  m_Name: 
  m_EditorClassIdentifier: 
  m_TrackedObjectOffset: {x: 1, y: 1.51, z: 3.34}
  m_LookaheadTime: 0
  m_LookaheadSmoothing: 10
  m_HorizontalDamping: 9
  m_VerticalDamping: 9.3
  m_ScreenX: 0.5
  m_ScreenY: 0.5
  m_DeadZoneWidth: 0.45
  m_DeadZoneHeight: 0.536
  m_SoftZoneWidth: 0.67
  m_SoftZoneHeight: 0.85
  m_BiasX: 0
  m_BiasY: 0
--- !u!114 &1608923690
MonoBehaviour:
  m_ObjectHideFlags: 3
  m_PrefabParentObject: {fileID: 0}
  m_PrefabInternal: {fileID: 0}
  m_GameObject: {fileID: 1608923686}
  m_Enabled: 1
  m_EditorHideFlags: 0
  m_Script: {fileID: 11500000, guid: ac0b09e7857660247b1477e93731de29, type: 3}
  m_Name: 
  m_EditorClassIdentifier: 
--- !u!1 &1663245643
GameObject:
  m_ObjectHideFlags: 0
  m_PrefabParentObject: {fileID: 0}
  m_PrefabInternal: {fileID: 0}
  serializedVersion: 5
  m_Component:
  - component: {fileID: 1663245645}
  - component: {fileID: 1663245644}
  m_Layer: 0
  m_Name: CM vcam2
  m_TagString: Untagged
  m_Icon: {fileID: 0}
  m_NavMeshLayer: 0
  m_StaticEditorFlags: 0
  m_IsActive: 0
--- !u!114 &1663245644
MonoBehaviour:
  m_ObjectHideFlags: 0
  m_PrefabParentObject: {fileID: 0}
  m_PrefabInternal: {fileID: 0}
  m_GameObject: {fileID: 1663245643}
  m_Enabled: 1
  m_EditorHideFlags: 0
  m_Script: {fileID: 11500000, guid: 45e653bab7fb20e499bda25e1b646fea, type: 3}
  m_Name: 
  m_EditorClassIdentifier: 
  m_ExcludedPropertiesInInspector:
  - m_Script
  m_LockStageInInspector: 
  m_StreamingVersion: 20170927
  m_Priority: 10
  m_LookAt: {fileID: 1719699272}
  m_Follow: {fileID: 1719699272}
  m_Lens:
    FieldOfView: 40
    OrthographicSize: 10
    NearClipPlane: 0.1
    FarClipPlane: 5000
    Dutch: 0
  m_ComponentOwner: {fileID: 696479859}
--- !u!4 &1663245645
Transform:
  m_ObjectHideFlags: 0
  m_PrefabParentObject: {fileID: 0}
  m_PrefabInternal: {fileID: 0}
  m_GameObject: {fileID: 1663245643}
  m_LocalRotation: {x: 0.0759876, y: 0.18365045, z: -0.014240772, w: 0.97994673}
  m_LocalPosition: {x: 259.30368, y: 827.66077, z: 1712.0876}
  m_LocalScale: {x: 1, y: 1, z: 1}
  m_Children:
  - {fileID: 696479859}
  m_Father: {fileID: 836469794}
  m_RootOrder: 1
  m_LocalEulerAnglesHint: {x: 0, y: 0, z: 0}
--- !u!1 &1719699270 stripped
GameObject:
  m_PrefabParentObject: {fileID: 100262, guid: af0faaa967ba7b348b35e178e2595435, type: 3}
  m_PrefabInternal: {fileID: 2018907960}
--- !u!4 &1719699272 stripped
Transform:
  m_PrefabParentObject: {fileID: 400262, guid: af0faaa967ba7b348b35e178e2595435, type: 3}
  m_PrefabInternal: {fileID: 2018907960}
--- !u!1 &2004132610
GameObject:
  m_ObjectHideFlags: 0
  m_PrefabParentObject: {fileID: 0}
  m_PrefabInternal: {fileID: 0}
  serializedVersion: 5
  m_Component:
  - component: {fileID: 2004132612}
  - component: {fileID: 2004132611}
  m_Layer: 0
  m_Name: CM vcam4
  m_TagString: Untagged
  m_Icon: {fileID: 0}
  m_NavMeshLayer: 0
  m_StaticEditorFlags: 0
  m_IsActive: 1
--- !u!114 &2004132611
MonoBehaviour:
  m_ObjectHideFlags: 0
  m_PrefabParentObject: {fileID: 0}
  m_PrefabInternal: {fileID: 0}
  m_GameObject: {fileID: 2004132610}
  m_Enabled: 1
  m_EditorHideFlags: 0
  m_Script: {fileID: 11500000, guid: 45e653bab7fb20e499bda25e1b646fea, type: 3}
  m_Name: 
  m_EditorClassIdentifier: 
  m_ExcludedPropertiesInInspector:
  - m_Script
  m_LockStageInInspector: 
  m_StreamingVersion: 20170927
  m_Priority: 10
  m_LookAt: {fileID: 0}
  m_Follow: {fileID: 0}
  m_Lens:
    FieldOfView: 43
    OrthographicSize: 10
    NearClipPlane: 0.1
    FarClipPlane: 5000
    Dutch: 0
  m_ComponentOwner: {fileID: 278269633}
--- !u!4 &2004132612
Transform:
  m_ObjectHideFlags: 0
  m_PrefabParentObject: {fileID: 0}
  m_PrefabInternal: {fileID: 0}
  m_GameObject: {fileID: 2004132610}
  m_LocalRotation: {x: -0, y: 0.9238795, z: -0, w: -0.3826837}
  m_LocalPosition: {x: 270.24, y: 827, z: 1724.66}
  m_LocalScale: {x: 1, y: 1, z: 1}
  m_Children:
  - {fileID: 278269633}
  m_Father: {fileID: 836469794}
  m_RootOrder: 3
  m_LocalEulerAnglesHint: {x: 0, y: 225, z: 0}
--- !u!1001 &2018907960
Prefab:
  m_ObjectHideFlags: 0
  serializedVersion: 2
  m_Modification:
    m_TransformParent: {fileID: 0}
    m_Modifications:
    - target: {fileID: 400262, guid: af0faaa967ba7b348b35e178e2595435, type: 3}
      propertyPath: m_LocalPosition.x
      value: -901.83
      objectReference: {fileID: 0}
    - target: {fileID: 400262, guid: af0faaa967ba7b348b35e178e2595435, type: 3}
      propertyPath: m_LocalPosition.y
      value: 3.93
      objectReference: {fileID: 0}
    - target: {fileID: 400262, guid: af0faaa967ba7b348b35e178e2595435, type: 3}
      propertyPath: m_LocalPosition.z
      value: 198.51657
      objectReference: {fileID: 0}
    - target: {fileID: 400262, guid: af0faaa967ba7b348b35e178e2595435, type: 3}
      propertyPath: m_LocalRotation.x
      value: 0
      objectReference: {fileID: 0}
    - target: {fileID: 400262, guid: af0faaa967ba7b348b35e178e2595435, type: 3}
      propertyPath: m_LocalRotation.y
      value: 0.70710677
      objectReference: {fileID: 0}
    - target: {fileID: 400262, guid: af0faaa967ba7b348b35e178e2595435, type: 3}
      propertyPath: m_LocalRotation.z
      value: 0
      objectReference: {fileID: 0}
    - target: {fileID: 400262, guid: af0faaa967ba7b348b35e178e2595435, type: 3}
      propertyPath: m_LocalRotation.w
      value: 0.7071068
      objectReference: {fileID: 0}
    - target: {fileID: 400262, guid: af0faaa967ba7b348b35e178e2595435, type: 3}
      propertyPath: m_RootOrder
      value: 3
      objectReference: {fileID: 0}
    - target: {fileID: 400262, guid: af0faaa967ba7b348b35e178e2595435, type: 3}
      propertyPath: m_LocalEulerAnglesHint.y
      value: 90.00001
      objectReference: {fileID: 0}
    - target: {fileID: 400068, guid: af0faaa967ba7b348b35e178e2595435, type: 3}
      propertyPath: m_LocalPosition.z
      value: -2.47
      objectReference: {fileID: 0}
    - target: {fileID: 400068, guid: af0faaa967ba7b348b35e178e2595435, type: 3}
      propertyPath: m_LocalPosition.y
      value: -0
      objectReference: {fileID: 0}
    - target: {fileID: 13700000, guid: af0faaa967ba7b348b35e178e2595435, type: 3}
      propertyPath: m_Materials.Array.data[0]
      value: 
      objectReference: {fileID: 2100000, guid: ed5b30c4b4b0ff6489486ff1a6d32c33, type: 2}
    m_RemovedComponents: []
  m_ParentPrefab: {fileID: 100100000, guid: af0faaa967ba7b348b35e178e2595435, type: 3}
  m_IsPrefabParent: 0
--- !u!1 &2059624789
GameObject:
  m_ObjectHideFlags: 0
  m_PrefabParentObject: {fileID: 0}
  m_PrefabInternal: {fileID: 0}
  serializedVersion: 5
  m_Component:
  - component: {fileID: 2059624791}
  - component: {fileID: 2059624790}
  m_Layer: 0
  m_Name: CM vcam5
  m_TagString: Untagged
  m_Icon: {fileID: 0}
  m_NavMeshLayer: 0
  m_StaticEditorFlags: 0
  m_IsActive: 1
--- !u!114 &2059624790
MonoBehaviour:
  m_ObjectHideFlags: 0
  m_PrefabParentObject: {fileID: 0}
  m_PrefabInternal: {fileID: 0}
  m_GameObject: {fileID: 2059624789}
  m_Enabled: 1
  m_EditorHideFlags: 0
  m_Script: {fileID: 11500000, guid: 45e653bab7fb20e499bda25e1b646fea, type: 3}
  m_Name: 
  m_EditorClassIdentifier: 
  m_ExcludedPropertiesInInspector:
  - m_Script
  m_LockStageInInspector: 
  m_StreamingVersion: 20170927
  m_Priority: 10
  m_LookAt: {fileID: 1719699272}
  m_Follow: {fileID: 0}
  m_Lens:
    FieldOfView: 32
    OrthographicSize: 10
    NearClipPlane: 0.1
    FarClipPlane: 5000
    Dutch: 0
  m_ComponentOwner: {fileID: 709537360}
--- !u!4 &2059624791
Transform:
  m_ObjectHideFlags: 0
  m_PrefabParentObject: {fileID: 0}
  m_PrefabInternal: {fileID: 0}
  m_GameObject: {fileID: 2059624789}
  m_LocalRotation: {x: -0.027418023, y: -0.71407944, z: -0.028010882, w: 0.69896656}
  m_LocalPosition: {x: 269.38, y: 827.06, z: 1718.9989}
  m_LocalScale: {x: 1, y: 1, z: 1}
  m_Children:
  - {fileID: 709537360}
  m_Father: {fileID: 836469794}
  m_RootOrder: 4
  m_LocalEulerAnglesHint: {x: 15.000001, y: -90.00001, z: 0}
